4716 6428
457 718 529 784 218
807 707 1126 785 CHRONICA
1158 706 1234 783 DE
1271 704 1557 783 MAILROS.
1674 706 1775 784 Ab.
1807 712 1914 796 1270.

462 916 506 991 de
524 916 743 992 Christianis.
784 917 916 992 Dictus
928 942 1012 990 vero
1030 915 1198 990 Suhanus
1215 915 1311 989 venit
1328 914 1525 989 Acconiam
1539 915 1709 990 nunciare
1723 914 1922 991 Eduuardo

462 1037 559 1137 quod
576 1038 795 1113 habitatores
816 1038 999 1138 cujusdam
1023 1034 1130 1122 urbis,
1150 1060 1221 1135 que
1239 1049 1385 1109 vocatur
1407 1035 1580 1121 Cerconis,
1599 1062 1681 1111 cum
1698 1036 1870 1139 gregibus
1886 1049 1923 1112 et

463 1159 631 1233 armentis
649 1159 855 1233 animalium
870 1159 975 1257 juxta
992 1157 1106 1257 patrie
1124 1157 1230 1230 ritum
1248 1156 1294 1230 ad
1311 1155 1528 1255 pascendum
1546 1181 1590 1230 ea
1603 1157 1681 1255 jam
1698 1158 1857 1233 exierant
1877 1158 1923 1232 ad

462 1281 647 1354 nemorosa
664 1279 745 1354 loca
763 1279 823 1353 nbi
841 1277 904 1352 srbi
922 1278 1072 1352 fixerant
1090 1277 1323 1352 tabernacula
1339 1278 1464 1351 multa.
1521 1277 1642 1351 Semel
1654 1277 1756 1382 enim
1774 1279 1810 1353 in
1828 1303 1922 1354 anno

463 1398 563 1473 srmul
582 1412 714 1475 exeunt
732 1399 848 1474 incole
873 1399 966 1473 illius
984 1398 1136 1473 civitatis
1154 1398 1201 1471 ad
1218 1397 1442 1497 spatiandum
1460 1396 1523 1471 fibi
1545 1409 1689 1498 propter
1707 1399 1799 1474 aeris
1816 1399 1923 1474 bene·

464 1520 582 1593 ficium
601 1520 647 1594 ad
665 1521 751 1594 talia
764 1520 856 1605 loca,
869 1519 969 1593 simul
983 1531 1019 1593 et
1037 1544 1161 1592 omnes
1177 1518 1424 1618 regrediuntur
1438 1517 1484 1592 ad
1498 1519 1688 1594 civitatem.
1735 1520 1925 1595 Tendente

468 1666 554 1741 ergo
574 1641 771 1715 Eduuardo
797 1641 916 1714 versus
939 1639 1171 1714 tabernacula
1196 1640 1435 1739 spatiandum,
1454 1665 1525 1739 que
1550 1651 1652 1713 erant
1677 1639 1802 1715 itinere
1819 1642 1925 1715 trium

465 1761 602 1836 dierum
627 1762 673 1836 ab
696 1761 871 1847 Aeconia,
890 1761 935 1834 de
958 1760 1015 1835 die
1034 1760 1174 1835 delituit
1197 1760 1232 1834 in
1256 1760 1344 1835 locis
1361 1761 1484 1860 opacis
1501 1759 1571 1834 five
1594 1760 1796 1847 nemorosis,
1820 1774 1925 1860 prout

466 1882 656 1957 instrudtus
676 1886 793 1957 fuerat
811 1908 833 1956 a
855 1881 1015 1966 Suliano,
1039 1893 1182 1981 propter
1205 1894 1341 1956 metum
1359 1880 1593 1955 multitudinis
1611 1906 1844 1982 paganorum,
1862 1882 1925 1981 qui

467 2002 537 2076 cito
555 2015 746 2102 potuerunt
769 2001 988 2077 confundere
1013 2004 1232 2103 paucitatem
1253 2002 1532 2077 Christianorum
1549 2001 1611 2100 qui
1629 2026 1711 2076 cum
1728 2001 1788 2076 illo
1806 2015 1925 2089 erant;

467 2148 538 2196 non
556 2124 653 2198 enirn
671 2123 829 2197 habebat
847 2125 965 2197 secum
988 2122 1052 2197 nisi
1075 2149 1210 2222 paucos
1228 2124 1435 2223 peregrinos
1456 2133 1538 2196 cum
1559 2122 1787 2198 electioribus
1803 2124 1925 2225 populi

470 2242 711 2319 Acconienfis.
765 2244 824 2319 De
842 2245 951 2318 noste
970 2244 1077 2343 igitur
1095 2245 1170 2318 iens
1188 2255 1276 2329 erat,
1296 2255 1335 2318 ut
1352 2243 1399 2317 fic
1417 2243 1668 2318 deluderentur
1691 2245 1824 2346 pagani
1842 2244 1927 2319 dum

468 2366 674 2465 ignorarent
691 2365 834 2439 semitas
851 2363 1014 2438 transitus
1032 2365 1122 2464 ejus,
1175 2364 1333 2438 Veniens
1357 2365 1464 2465 igitur
1481 2365 1639 2464 quodam
1662 2367 1798 2440 summo
1821 2391 1927 2441 mane

470 2486 515 2559 ad
539 2486 619 2560 loca
641 2486 901 2585 prenominata,
925 2486 1059 2559 invenit
1081 2486 1297 2561 Sarracenos
1317 2498 1354 2561 et
1378 2511 1505 2560 uxores
1526 2511 1649 2560 eorum
1670 2512 1751 2561 cum
1775 2487 1928 2587 parvulis

469 2608 539 2680 suis
556 2607 591 2680 in
609 2606 718 2691 ledto,
736 2632 827 2705 quos
845 2631 980 2692 omnes,
999 2616 1039 2678 ut
1056 2605 1173 2680 hostes
1194 2605 1392 2680 Christiane
1410 2607 1505 2693 fidei,
1523 2607 1654 2681 occidit
1670 2608 1707 2683 iu
1725 2634 1786 2682 ore
1804 2607 1926 2708 gladii.

472 2727 554 2800 Post
580 2752 730 2826 quorum
756 2727 1043 2801 intersedionem
1069 2726 1149 2799 tulit
1174 2727 1292 2800 lecum
1320 2728 1365 2801 ad
1395 2727 1593 2803 Acconiam
1619 2729 1740 2803 omnia
1766 2739 1927 2803 armenta

468 2873 591 2921 eorum
610 2859 647 2921 et
664 2873 794 2947 greges
812 2873 894 2920 cum
912 2847 1008 2920 omni
1026 2846 1263 2946 suppellectili
1289 2847 1441 2933 illorum,
1459 2850 1596 2924 nullum
1614 2876 1658 2924 err
1676 2848 1840 2923 omnibus
1863 2847 1927 2921 ho·

468 2968 622 3042 minibus
647 2970 766 3043 secum
792 2966 1021 3059 existentibus
1047 2967 1213 3041 amittens
1239 2980 1356 3068 preter
1385 2994 1496 3043 unum
1527 2971 1753 3071 armigerum,
1779 2969 1926 3043 nomine

469 3088 699 3175 Nicholaum,
718 3090 780 3189 qui
798 3101 874 3164 erat
892 3088 1044 3189 armiger
1069 3088 1251 3187 cujusdam
1272 3089 1392 3164 militis
1409 3089 1455 3164 de
1478 3091 1601 3166 Scotia
1620 3091 1770 3176 oriundi,
1789 3090 1847 3164 cui
1864 3115 1926 3163 no·

469 3237 551 3285 rnen
575 3222 651 3309 erat
677 3209 880 3285 Alexander
905 3209 950 3283 de
978 3209 1103 3283 Setun.
1158 3209 1221 3284 llle
1248 3220 1370 3284 autem
1396 3211 1549 3311 armiger
1574 3237 1656 3286 cum
1680 3210 1883 3286 declinasset
1907 3235 1929 3283 a

469 3331 641 3406 comitatu
658 3330 936 3405 Christianorum
956 3330 1002 3403 ad
1019 3331 1245 3430 purgandum
1260 3332 1389 3416 alvum,
1408 3332 1545 3406 scutum
1562 3331 1697 3406 domini
1715 3332 1766 3406 sui
1784 3343 1928 3432 portans

470 3453 515 3527 ad
533 3452 674 3527 dorsum
692 3452 728 3526 in
747 3478 854 3552 equo,
878 3477 962 3525 mor
978 3462 1106 3550 captus
1123 3450 1174 3524 est
1192 3478 1214 3526 a
1231 3453 1355 3550 paucis
1381 3451 1532 3553 paganis
1557 3452 1803 3528 habitantibus
1825 3452 1929 3553 juxta
1959 3461 2107 3522 s01.7³.b.

470 3575 535 3648 iter
556 3600 618 3674 per
636 3575 735 3673 quod
756 3572 946 3647 Christiani
965 3571 1042 3670 jam
1064 3569 1273 3645 transierant
1295 3572 1440 3647 minime
1459 3572 1520 3647 visi
1537 3600 1560 3648 a
1580 3575 1744 3675 paganis,
1762 3600 1854 3675 quos
1871 3600 1928 3650 oc·

411 3703 414 3709 '
470 3694 628 3768 cidissent
650 3694 838 3769 Christiani
855 3692 882 3767 fi
898 3692 977 3766 illos
994 3691 1170 3776 vidissent;
1195 3692 1408 3792 armigerum
1428 3705 1549 3769 autem
1566 3695 1666 3769 illum
1683 3721 1792 3795 quem
1810 3698 1928 3772 secum

472 3814 695 3890 abduxerunt
712 3814 845 3915 pagani
864 3813 910 3887 ab
928 3812 988 3887 illo
1007 3812 1065 3886 die
1082 3837 1154 3885 non
1172 3812 1335 3887 viderunt
1351 3813 1555 3903 Christiani.

522 3935 703 4009 Gloriosus
716 3961 799 4009 vero
810 3935 912 4009 miles
923 3934 1086 4009 dominus
1099 3934 1314 4009 Eduuardus
1327 3959 1496 4035 magnam
1507 3937 1568 4010 sue
1579 3935 1703 4021 militie
1713 3936 1926 4036 probitatem

471 4056 506 4127 in
524 4055 650 4129 diebus
668 4055 734 4129 illis
758 4055 893 4131 fecisset
916 4056 1019 4155 super
1036 4080 1214 4155 paganos3
1241 4056 1429 4131 eratenim
1447 4069 1532 4131 tunc
1555 4059 1723 4158 temporis
1740 4056 1838 4158 quasi
1861 4058 1927 4131 flos

472 4176 579 4249 totius
597 4176 719 4249 mnndi
737 4177 773 4249 in
791 4176 997 4251 strenuitate
1015 4177 1065 4251 rei
1082 4176 1242 4251 militaris
1259 4176 1284 4251 fi
1302 4177 1476 4252 habuisset
1493 4180 1691 4253 succursum
1711 4177 1927 4253 Christiano·

474 4321 549 4367 rum
571 4320 661 4394 quos
679 4294 898 4370 subtraxerat
922 4297 955 4370 ei
979 4321 1040 4370 rex
1062 4297 1200 4382 Cicilia,
1221 4298 1380 4397 proditor
1401 4296 1665 4384 Christianismi,
1685 4298 1839 4374 Karolus
1862 4324 1925 4373 no·

472 4417 580 4502 mine,
597 4418 706 4491 frater
723 4418 817 4516 regis
836 4417 1053 4492 Francorum
1073 4414 1265 4492 Lodowici.
1319 4419 1388 4493 Per
1405 4419 1500 4493 hunc
1518 4421 1613 4495 enim
1630 4419 1926 4496 subtrahebantur

475 4537 671 4612 Eduuardo
689 4538 820 4612 auxilia
833 4538 1047 4612 diversarum
1059 4539 1256 4624 nationum,
1274 4539 1383 4614 silicet
1400 4541 1538 4626 Cicilia,
1555 4541 1724 4642 Appulia,
1746 4542 1926 4629 Calabria,

473 4674 509 4734 et
531 4643 651 4734 Ytalie
676 4671 819 4760 propter
844 4659 1028 4740 avaritiam
1049 4659 1183 4745 Karoli‚
1201 4660 1262 4759 qui
1289 4674 1476 4761 acceperat
1502 4688 1524 4735 a
1549 4664 1701 4763 paganis
1726 4663 1928 4739 thesaurum

474 4783 576 4856 nimis
594 4807 765 4883 magnum
783 4791 976 4880 antequam
993 4792 1139 4855 venerat
1157 4779 1373 4856 Eduuardus
1390 4795 1430 4856 ut
1447 4796 1670 4884 expugnaret
1691 4809 1765 4861 eos.
1808 4784 1927 4861 Ratio

428 4894 433 4905 ’
475 4916 594 4976 autern
620 4902 772 4976 thesauri
799 4901 937 5001 accepti
961 4914 1036 4977 erat
1060 4914 1099 4977 ut
1123 4902 1277 4989 inducie,
1304 4930 1393 5003 quas
1421 4902 1592 5004 petebant
1616 4906 1804 4983 Sarraceni
1830 4918 1869 4981 ut
1891 4907 1927 4980 se
