4716 6428
322 742 558 819 A.D.1262.
668 736 986 814 CHRONICA
1026 736 1101 812 DE
1140 736 1425 813 MAILROS.
1706 749 1773 823 189

318 959 420 1055 panis
438 981 545 1055 quem
563 951 852 1052 promerebantur
870 952 1026 1049 recipere
1040 951 1085 1024 de
1098 974 1206 1023 manu
1220 951 1322 1024 illius.
1352 950 1411 1023 Ad
1424 950 1519 1024 hunc
1533 953 1640 1025 etiam
1654 955 1771 1027 venie·

318 1076 403 1151 bant
422 1076 560 1159 divites,
573 1075 682 1147 etiam
699 1098 760 1146 rex
778 1085 869 1146 terre
883 1070 1110 1146 Alexanderw
1128 1071 1162 1143 in
1183 1069 1331 1144 ecclefia
1343 1069 1387 1143 de
1407 1070 1541 1146 Melros
1556 1072 1711 1171 sepultus
1735 1086 1771 1146 et

318 1197 418 1270 multi
450 1196 509 1270 alii
534 1194 580 1267 ob
609 1194 872 1268 venerationem
901 1191 1098 1266 sanctitatis
1128 1191 1217 1289 ejus,
1245 1190 1462 1290 postulantes
1492 1193 1626 1265 intense
1657 1206 1695 1265 ut
1726 1193 1771 1266 de

318 1317 418 1389 bonis
444 1339 567 1389 eorum
591 1314 768 1413 acciperet
793 1323 966 1412 quantum
990 1312 1023 1385 ei
1047 1312 1215 1410 placeret,
1240 1310 1340 1410 quod
1357 1312 1430 1409 ipse
1449 1337 1526 1385 raro
1550 1312 1771 1387 concedebat

289 1436 403 1521 fieri,
430 1436 567 1536 accepit
602 1446 721 1508 tamen
752 1433 797 1507 de
825 1434 942 1507 vaccis
971 1432 1109 1506 illorum
1137 1431 1353 1530 quandoque
1383 1432 1572 1505 nonnullus
1603 1444 1641 1506 ut
1671 1435 1771 1506 mini-

317 1556 464 1630 strarent
480 1557 537 1629 lac
555 1554 679 1655 egenis
697 1553 744 1628 ad
762 1555 797 1628 se
814 1551 1048 1627 venientibus.
1094 1552 1182 1651 -Ipse
1201 1576 1344 1650 quoque
1362 1550 1519 1626 habebat
1537 1552 1626 1626 duas
1644 1579 1770 1627 vaccas

317 1676 528 1760 monasterii,
546 1674 746 1775 praebentes
762 1672 824 1747 fibi
843 1684 879 1747 et
896 1673 991 1746 socio
1008 1673 1070 1745 suo
1088 1672 1144 1745 lac
1162 1671 1208 1744 ad
1225 1672 1479 1746 sufficientiam.
1527 1670 1632 1746 Ratio
1651 1687 1770 1747 autem

317 1796 465 1871 causalis
482 1821 592 1895 quare
617 1795 806 1893 optimates
829 1804 921 1866 terre
948 1791 1141 1865 veniebant
1164 1790 1210 1863 ad
1234 1816 1328 1875 eum,
1346 1804 1434 1875 erat,
1458 1804 1497 1865 ut
1521 1793 1769 1868 confiterentur

315 1918 364 1990 illi
390 1930 538 2016 peccata
555 1917 617 1989 sua
641 1926 677 1988 et
702 1912 995 1988 benedicerentur
1013 1910 1058 1985 ab
1084 1911 1156 1995 illo,
1175 1911 1276 2009 cujus
1303 1909 1589 1987 benedit'cionem
1607 1914 1765 1988 sanctam

314 2037 463 2110 multum
482 2034 674 2110 credebant
691 2033 753 2108 fibi
771 2035 1002 2132 profuturam.

367 2156 473 2230 Anno
503 2155 649 2230 Domini
675 2154 823 2229 mcclx.
841 2150 1029 2263 tHeuricus
1057 2151 1102 2225 de
1131 2149 1305 2237 Lamden,
1332 2155 1545 2228 camerarius
1568 2156 1767 2229 monasterii

318 2275 571 2360 Calcouienfis,
595 2275 698 2349 rediit
715 2274 761 2348 de
788 2273 886 2347 curia
911 2270 1087 2356 Romana,
1112 2284 1257 2370 portans
1280 2273 1398 2346 secum
1420 2274 1539 2348 literas
1560 2276 1707 2374 papales
1733 2277 1768 2348 iu

315 2397 444 2496 quibus
462 2395 722 2479 continebatur,
735 2393 832 2493 quod
850 2393 921 2466 viso
939 2391 1108 2465 mandato
1125 2392 1245 2491 papali
1264 2392 1468 2466 immediate
1486 2394 1628 2469 cederet
1647 2395 1767 2493 bajulo

314 2518 472 2591 mandati
492 2517 590 2591 dioto
616 2514 773 2588 Heurico
791 2513 955 2586 dominus
975 2510 1148 2585 Patricius
1167 2511 1290 2596 abbas,
1309 2513 1370 2611 qui
1393 2524 1478 2587 tunc
1496 2515 1635 2613 praefuit
1653 2515 1769 2589 eidem

315 2637 538 2720 monasteri0,
557 2634 653 2735 quod
671 2635 787 2708 statim
812 2630 1019 2706 obedienter
1036 2631 1132 2704 fecit.
1185 2631 1284 2704 Nam
1307 2631 1434 2706 eodem
1453 2632 1511 2706 die
1531 2659 1604 2733 quo
1627 2636 1768 2709 intravit

316 2759 433 2833 dietus
449 2756 626 2830 Heuricus
639 2754 785 2828 domum
801 2751 988 2837 Calkouie‚
1006 2750 1078 2825 fine
1096 2753 1216 2851 aliqua
1234 2752 1390 2826 ulteriori
1404 2752 1573 2828 dilatione
1586 2756 1700 2854 posuit
1718 2757 1768 2828 in-

315 2879 426 2979 fignia
449 2875 678 2976 pontificalia,
696 2874 826 2974 quibus
843 2873 1027 2947 redimitus
1052 2883 1141 2957 erat,
1159 2874 1262 2971 super
1278 2897 1450 2972 magnum
1468 2874 1579 2949 altare
1602 2876 1694 2950 illius
1712 2902 1768 2950 ce·

316 2998 411 3072 nobii
425 2996 555 3096 quibus
572 2997 608 3069 se
626 2995 740 3068 induit
757 3019 840 3067 mox
860 2990 1036 3067 Heuricus
1055 2993 1268 3077 antedidtuS,
1287 3018 1331 3066 ex
1344 2994 1459 3093 gratia
1477 2987 1766 3071 munerissummi

314 3118 500 3216 pontificis.
538 3115 678 3190 Viderit
695 3115 768 3214 ipse
781 3113 962 3213 quomodo
976 3115 1119 3187 intravit
1136 3112 1182 3186 ad
1197 3138 1316 3187 curam
1330 3114 1426 3187 illam
1444 3114 1666 3212 pastoralem,
1684 3142 1768 3191 nam

316 3239 448 3338 postea,
461 3236 636 3311 nescimus
654 3262 700 3310 an
718 3260 762 3309 ex
789 3234 923 3308 ultione
943 3233 1017 3308 Dei
1035 3259 1081 3308 an
1095 3258 1139 3306 ex
1157 3233 1251 3307 bona
1268 3235 1346 3333 ejus
1372 3234 1565 3320 voluntate,
1583 3238 1769 3335 repentina

316 3369 429 3431 morte
452 3367 650 3455 praeveutus
668 3356 719 3429 est
741 3355 778 3428 in
795 3356 916 3428 mensa
933 3355 1007 3439 lua,
1025 3353 1169 3453 quando
1193 3354 1344 3452 primurn
1361 3354 1534 3430 ferculum
1551 3356 1687 3430 sumere
1711 3383 1768 3431 ce·

316 3478 384 3575 pit;
410 3475 605 3575 quistatim
632 3476 710 3575 post
726 3475 918 3550 secundam
941 3474 1174 3550 relectionem
1202 3487 1397 3550 conventus
1420 3474 1567 3549 traditur
1590 3478 1766 3575 sepulture

316 3597 445 3671 eodem
462 3595 532 3678 die,
550 3596 641 3669 forte
658 3596 744 3695 quia
761 3596 950 3670 noluerunt
967 3595 1061 3668 circa
1078 3619 1205 3693 corpus
1223 3595 1299 3694 ejus
1317 3596 1475 3695 vigilare.

369 3715 475 3790 Anno
504 3714 649 3789 Domini
679 3716 840 3815 mcclxj.
877 3713 1088 3790 venerabilis
1121 3715 1374 3814 paternoster,
1405 3717 1568 3793 dominus
1598 3717 1768 3794 Matheus

265 3874 271 3888 ·
316 3837 429 3913 abbas
446 3836 491 3909 de
511 3835 646 3911 Melros
672 3834 798 3911 absens
815 3836 1004 3936 deponitur
1026 3836 1062 3909 iu
1089 3836 1244 3935 capitulo
1264 3834 1458 3935 Rieuallis,
1475 3836 1546 3911 fine
1572 3837 1715 3912 confilio
1733 3852 1769 3914 et

315 3958 386 4032 fine
403 3958 491 4032 scitu
505 3957 619 4030 omnis
637 3956 754 4030 anime
768 3956 917 4032 viventis
933 3956 979 4030 de
1001 3956 1139 4041 Scotia3
1157 3957 1257 4056 cujus
1275 3956 1383 4031 talem
1397 3956 1650 4055 depofitionem
1667 3961 1768 4034 multi

316 4079 527 4177 planxerunt
550 4087 625 4149 tam
646 4076 811 4150 monachi
829 4101 938 4176 quam
964 4074 1118 4151 converfi
1141 4076 1340 4150 monasterii
1361 4077 1594 4164 Melrofenfis‚
1612 4079 1697 4178 quia
1718 4082 1769 4155 ni·

317 4198 386 4272 ehil
404 4199 508 4296 culpe
526 4197 709 4270 inventum
725 4176 799 4270 suit'
818 4197 853 4269 in
872 4221 916 4270 eo
937 4221 1001 4296 pro
1019 4222 1091 4295 qua
1108 4194 1232 4270 debuit
1254 4197 1371 4272 taliter
1388 4196 1531 4297 deponi,
1549 4210 1588 4271 ut
1612 4198 1674 4298 ipfi
1691 4200 1768 4275 esti·

222 4346 230 4359 ·
316 4329 522 4401 maverunt;
548 4316 683 4417 placuit
695 4328 816 4390 tamen
829 4317 921 4416 patri
938 4316 1061 4391 abbati
1075 4328 1113 4390 ut
1130 4315 1177 4391 fic
1189 4317 1288 4420 fieret
1310 4317 1355 4392 ab
1379 4317 1424 4391 de
1438 4343 1494 4404 e0,
1508 4331 1650 4419 propter
1668 4322 1769 4419 quas·

318 4439 401 4512 dam
419 4436 643 4537 objettioues
654 4461 744 4536 quas
757 4436 915 4540 habebat
928 4449 1051 4511 contra
1064 4437 1189 4536 ipsum,
1202 4420 1241 4510 ut
1254 4436 1316 4510 fibi
1330 4437 1515 4512 videbatur
1529 4439 1767 4514 rationabiles.

321 4557 408 4630 Post
424 4555 526 4653 cujus
539 4555 765 4656 depofitionis
783 4557 1136 4642 denominationem,l
1153 4557 1188 4630 in
1202 4557 1358 4656 capitulo
1376 4557 1468 4632 illius
1486 4558 1543 4632 die
1569 4583 1641 4657 quo
1659 4558 1767 4657 depo·

320 4674 403 4750 fitus
420 4687 508 4760 erat,
527 4675 674 4750 absoluti
692 4678 772 4751 funt
790 4677 835 4752 ab
853 4679 927 4776 ipso
945 4689 1045 4778 patre
1059 4676 1189 4751 abbate
1209 4675 1254 4750 ab
1272 4677 1483 4752 obedientiis
1501 4689 1537 4751 et
1553 4677 1767 4776 prolellioni·

321 4797 387 4871 bus
404 4794 466 4870 fibi
484 4794 591 4871 laetis
607 4821 731 4872 omnes
750 4796 994 4873 Melrosenles.
1042 4795 1114 4871 Sed
1132 4796 1218 4869 heu!
1246 4822 1328 4870 nam
1346 4821 1408 4897 per
1426 4797 1519 4870 hunc
1537 4796 1669 4869 bonum
1689 4796 1768 4872 Ma·

437 4947 453 4970 '
476 4948 624 5006 Alexander
636 4950 682 5006 the
697 4951 810 5007 Second.
850 4950 1216 5022 Seebefore,pp.177‚178·
1362 4950 1374 4976 ¹
1395 4951 1651 5006 Denunciationcm?
