4716 6428
638 730 707 808 190
985 699 1304 801 canonica
1336 720 1412 797 on
1450 720 1740 797 morosos,
1854 722 2087 802 anima

633 939 778 1023 thaeum,
796 938 908 1011 vimm
931 934 1163 1010 reverendum
1189 946 1299 1035 atque
1316 935 1529 1035 largifluum,
1548 947 1584 1009 et
1601 934 1790 1011 nonnullas
1811 916 2036 1034 poueffiones
2053 955 2091 1014 et

633 1060 752 1158 plures
774 1058 948 1158 pitancias
971 1081 1016 1130 ex
1034 1054 1225 1156 adeptione
1243 1055 1321 1155 ejus
1346 1053 1485 1131 obtinet
1502 1054 1628 1130 domus
1646 1055 1691 1129 de
1710 1054 1866 1143 Melros;
1891 1082 1955 1157 per
1978 1059 2090 1159 ipsum

633 1178 807 1254 hahemus
824 1203 934 1278 panes
951 1176 1154 1277 pitantiales
1171 1176 1297 1252 diebus
1315 1175 1467 1252 Veneris
1483 1176 1520 1250 in
1538 1175 1820 1277 quadragesima,
1838 1178 1984 1278 quando
1997 1180 2090 1280 jeju·

634 1325 759 1375 namus
772 1299 808 1373 in
826 1324 920 1399 pane
938 1310 975 1372 et
994 1323 1102 1398 aqua.
1148 1296 1227 1396 lpse
1241 1308 1362 1372 autem
1379 1298 1466 1372 iecit
1478 1322 1629 1398 magnas
1647 1297 1773 1373 domos
1784 1298 1921 1374 nostras
1937 1299 1983 1376 de
2002 1299 2089 1376 Ber·

632 1421 732 1504 wico,
750 1400 890 1519 insuper
906 1430 943 1492 et
959 1418 1089 1493 multas
1106 1418 1298 1503 vaccariae,
1316 1417 1492 1504 boverias,
1510 1430 1547 1492 et
1564 1443 1743 1494 cameram
1759 1444 1930 1519 magnam
1948 1420 2089 1497 abbatis

632 1565 702 1638 que
726 1539 896 1639 estsuper
918 1540 1032 1638 ripam
1049 1563 1154 1638 aque,
1173 1563 1255 1612 cum
1279 1537 1482 1637 adjettione
1500 1539 1650 1614 aliorum
1672 1539 1890 1615 edificiorum
1913 1566 1985 1616 non
2002 1568 2089 1642 pau-

633 1686 754 1735 corum
773 1660 991 1734 construxitr

682 1903 797 1976 Auno
828 1901 975 1976 Domini
998 1901 1184 1999 mcclxiij.
1214 1898 1320 1974 Haeo
1349 1897 1427 1975 Rex
1450 1885 1643 1999 Norwagie
1672 1924 1754 1974 curn
1772 1901 1914 2000 copiola
1943 1903 2086 1978 navimn

631 2022 856 2098 multitudine
877 2022 973 2095 venit
990 2047 1053 2119 per
1078 2044 1176 2094 mare
1202 2019 1423 2095 occidentale
1448 2019 1494 2094 ad
1511 2019 1762 2095 debellandum
1788 2046 1909 2121 regem
1937 2021 2086 2098 Scotie.z

635 2143 708 2218 Sed
731 2169 770 2218 re
787 2168 882 2226 vera,
901 2153 940 2216 ut
957 2142 1030 2240 ipse
1049 2140 1098 2214 H.
1118 2139 1329 2225 affirmabat,
1346 2165 1418 2215 non
1445 2166 1526 2215 eum
1545 2141 1673 2241 repulit
1696 2142 1747 2216 vis
1767 2141 1925 2218 humana
1941 2144 2003 2218 sed
2020 2145 2085 2217 vir·

630 2276 688 2338 tus
707 2264 855 2348 Divina,
872 2287 943 2363 que
960 2285 1070 2337 naves
1093 2260 1171 2360 ejus
1188 2261 1419 2360 confregitet
1435 2261 1471 2335 in
1497 2262 1690 2337 exercitum
1708 2263 1808 2353 suum
1834 2263 2088 2340 mortalitatem

629 2384 786 2469 irnmifit3
812 2385 951 2482 insuper
969 2394 1006 2456 et
1019 2407 1081 2456 eos
1098 2380 1159 2480 qui
1173 2381 1283 2455 tercia
1294 2379 1352 2455 die
1369 2380 1448 2479 post
1464 2381 1760 2480 sollempnitatem
1774 2382 1887 2457 saneti
1899 2382 2088 2460 Michaelis

633 2504 735 2604 [Oct.
755 2503 794 2603 2]
825 2503 872 2577 ad
896 2501 1119 2603 preliandum
1142 2512 1393 2586 convenerant,
1421 2525 1485 2600 per
1510 2501 1735 2601 pediffequos
1757 2502 1871 2601 patrie
1899 2502 2090 2580 debellavit

631 2637 740 2725 atque
757 2623 953 2723 prostravit.
1006 2622 1233 2721 Quapropter
1254 2621 1373 2697 coacti
1390 2622 1469 2697 sunt
1493 2646 1574 2695 cum
1592 2622 1784 2697 vulneratis
1801 2635 1838 2697 et
1854 2625 2003 2702 mortuis
2019 2626 2089 2700 fuis

630 2770 738 2820 naves
754 2742 869 2843 fua[s]
890 2755 1063 2842 repetere,
1081 2753 1118 2815 et
1134 2740 1182 2816 fic
1198 2742 1334 2840 turpius
1351 2766 1461 2842 quam
1478 2755 1647 2818 venerant
1664 2744 1868 2844 repatriare.

681 2864 763 2939 Hoc
781 2889 888 2949 anno,
899 2866 935 2937 in
954 2864 1011 2938 die
1029 2863 1151 2937 sancte
1171 2861 1325 2962 Agnetis
1345 2860 1444 2961 [Jan.
1463 2862 1543 2963 21],
1561 2864 1658 2963 apud
1671 2864 1863 2940 Gedewrth
1880 2867 2019 2967 peperit
2035 2893 2087 2941 re·

630 2987 716 3087 gina
737 2985 859 3060 Scotie
872 2984 995 3069 filium,
1013 3008 1120 3082 quem
1137 2981 1363 3056 aGamelino
1374 2983 1540 3083 episcopo
1558 2985 1671 3061 sancti
1687 2985 1834 3062 Andree
1855 2988 2088 3086 baptizatum,

625 3107 729 3206 juxta
746 3105 856 3206 patris
878 3105 1066 3204 imperium
1089 3114 1305 3178 vocaverunt
1324 3102 1586 3190 Alexandrum
1614 3104 1708 3181 unde
1729 3107 1879 3207 contigit
1903 3119 1942 3182 ut
1960 3107 2089 3182 eodem

630 3227 688 3301 die
715 3253 788 3325 quo
812 3226 1020 3301 nunciatum
1048 3224 1099 3299 est
1122 3225 1199 3324 regi
1227 3223 1348 3300 Scotie
1365 3223 1478 3300 filium
1503 3250 1526 3300 a
1551 3224 1632 3302 Deo
1655 3225 1719 3302 fibi
1744 3226 1814 3303 else
1841 3227 1976 3314 datum,
1997 3253 2087 3304 nun·

630 3348 782 3421 ciaretur
796 3348 828 3421 ei
843 3358 880 3420 et
892 3370 1015 3446 regem
1030 3345 1223 3446 Norwagie
1237 3344 1465 3431 defunctum
1483 3357 1699 3446 quapropter
1710 3347 1866 3448 dupplici
1881 3349 2016 3449 gaudio
2027 3375 2087 3426 ex·

629 3468 824 3553 hillaratus,
842 3468 976 3567 gratias
994 3466 1146 3540 reddidit
1166 3460 1261 3551 Ded,
1279 3465 1341 3563 qui
1358 3463 1508 3541 humiles
1526 3467 1659 3543 exaltat
1675 3480 1713 3543 et
1730 3468 1899 3571 superbos
1912 3469 2085 3546 humiliat.

1076 3823 1325 3902 ABBATES
1353 3822 1424 3899 DE
1453 3824 1686 3902 MELROS.

753 3939 964 4015 chaanus.

755 4058 997 4134 Wnnrswus.

753 4178 1008 4255 Wrccsnarua.

751 4297 977 4374 Jocsnruus.

662 4509 673 4540 ’
689 4509 749 4564 The
761 4510 878 4564 miracles
891 4510 943 4565 end
956 4510 1027 4573 here,
1041 4510 1152 4579 andthe
1165 4511 1293 4565 narrative
1305 4510 1327 4564 is
1339 4511 1468 4566 resumed.
1543 4509 1554 4532 ⁸
1569 4512 1683 4575 Fordaa,
1697 4513 1723 4566 ii.
1738 4514 1782 4572 97.
1822 4511 1835 4566 1
1847 4529 1906 4584 may
1913 4510 2016 4566 remark
2026 4511 2086 4567 that

631 4596 741 4650 Goodall
758 4594 811 4648 and
823 4595 915 4648 Hailea
927 4612 971 4648 are
983 4594 1129 4648 aomewhat
1140 4595 1167 4648 in
1180 4595 1263 4649 doubt
1275 4612 1304 4649 aa
1316 4605 1345 4649 to
1356 4595 1404 4650 the
1415 4613 1478 4668 year
1490 4596 1516 4649 in
1529 4595 1617 4650 which
1629 4595 1682 4650 this
1694 4595 1821 4667 irruption
1833 4595 1967 4658 occurred.
1982 4596 2010 4649 in
2022 4613 2085 4650 con·

625 4695 757 4749 sequence
769 4678 801 4732 of
808 4679 855 4733 the
867 4678 962 4732 former
973 4678 1072 4734 edition
1084 4678 1117 4733 of
1123 4678 1175 4734 thia
1191 4679 1329 4735 Chronicle
1342 4681 1438 4753 having
1449 4681 1626 4753 erroneously,
1641 4680 1694 4736 and
1705 4690 1828 4753 candary
1838 4690 1869 4736 to
1880 4681 1928 4735 the
1939 4680 2046 4751 reading
2056 4678 2088 4736 os

625 4764 671 4818 the
683 4765 851 4836 manuscript,
866 4764 960 4834 placed
971 4765 992 4817 it
1000 4765 1027 4818 in
1042 4768 1119 4818 1262.
1160 4766 1210 4820 See
1222 4766 1279 4820 also
1295 4768 1368 4821 Foed.
1382 4768 1399 4821 i.
1413 4771 1475 4832 422,
1489 4771 1552 4832 429,
1566 4767 1620 4822 and
1633 4766 1680 4821 the
1694 4766 1808 4822 lelandic
1816 4775 1931 4824 account
1943 4765 2084 4840 publiahed

625 4856 653 4900 at
667 4848 845 4919 copenhagen
857 4850 891 4920 by
900 4848 947 4903 the
960 4850 1024 4902 Rev.
1037 4851 1123 4905 Jamer
1134 4851 1279 4915 dolatione,
1297 4852 1374 4909 1782.
1494 4854 1554 4920 (4³)
1567 4849 1710 4916 ‘Fortium
1721 4850 1747 4906 ii.
1764 4855 1824 4916 rol,
1838 4851 1927 4923 places
1940 4851 1992 4906 this
2005 4859 2084 4905 event

625 4931 652 4985 in
667 4935 746 4996 12643
766 4933 925 4990 toccuned
935 4933 963 4989 in
977 4936 1084 4989 12684.
