4716 6428
399 704 472 770 200
751 692 1071 770 CHRONICA
1104 693 1182 768 DE
1215 691 1507 768 MAILROS.
1622 693 1861 776 A.n.1nos.

401 912 500 983 suum
519 909 565 983 ad
583 909 723 983 dorsum
741 908 819 1010 post
832 907 1061 984 Edwardum.
1101 905 1152 982 Et
1167 906 1252 982 ideo
1268 932 1349 982 cum
1367 909 1428 1008 spe
1445 932 1528 982 cum
1545 934 1655 1008 parvo
1672 936 1784 1012 quem
1799 913 1863 989 ba-

402 1030 477 1104 buit
494 1030 652 1104 exercitu
669 1031 790 1115 exivit,
808 1028 969 1104 consellis
985 1029 1082 1129 prius
1099 1040 1137 1103 et
1153 1028 1424 1103 communicatis
1436 1054 1482 1102 ex
1494 1028 1624 1104 viatico
1637 1031 1862 1110 sacrosan&

400 1151 609 1225 eucharistie
636 1150 800 1227 omnibus
825 1151 887 1251 qui
913 1148 1081 1250 egrefl'uri
1107 1160 1209 1225 erant
1233 1173 1316 1223 cum
1341 1148 1416 1248 ipso
1442 1148 1489 1223 ad
1515 1148 1661 1226 bellum.
1720 1152 1862 1231 Habuit

400 1285 520 1346 autem
540 1271 737 1347 Edwardus
762 1273 821 1346 sex
847 1271 1009 1346 homines
1034 1270 1091 1345 vel
1116 1272 1264 1369 septem,
1290 1268 1351 1343 ubi
1373 1270 1498 1344 Simon
1525 1271 1582 1345 six
1606 1272 1733 1348 habuit
1755 1275 1858 1352 duos.

403 1392 693 1494 congrediuntur
715 1418 803 1493 ergo
821 1392 867 1465 ad
890 1392 1042 1465 invicem
1065 1390 1236 1465 terrificus
1259 1391 1422 1490 copiosus
1444 1392 1621 1467 exercitus
1639 1393 1806 1471 Edwardi
1823 1411 1860 1471 et

400 1513 542 1612 pusillus
555 1513 731 1587 exercitus
749 1512 904 1587 Simonis
923 1511 968 1585 de
983 1510 1112 1586 Monte
1129 1511 1224 1597 sorti,
1241 1509 1376 1585 bellum
1394 1512 1669 1600 committentes,
1686 1529 1859 1615 preeunte

399 1635 593 1708 exercitum
611 1633 765 1708 Simonis
783 1633 941 1707 animoso
955 1631 1058 1706 valde
1075 1631 1187 1706 milite
1203 1631 1389 1732 Gwydone
1402 1631 1448 1706 de
1464 1631 1617 1707 Balliolo
1634 1661 1717 1710 cum
1730 1638 1858 1713 vexillo

402 1757 584 1830 Simonis(
612 1754 721 1828 Juxta
739 1753 836 1854 quod
855 1766 931 1827 erat
948 1752 1126 1828 Henricus
1137 1752 1239 1827 miles
1256 1752 1410 1838 inclitus,
1427 1754 1685 1854 primogenitus
1701 1756 1857 1834 Simonis

398 1877 499 1960 lilius,
518 1875 661 1949 nomine
678 1874 824 1950 Henrici
842 1875 936 1974 regis
954 1873 1167 1973 appellatus.
1203 1872 1276 1948 Hic
1292 1874 1445 1978 primum
1457 1874 1571 1957 istum
1583 1874 1682 1951 dedit
1698 1878 1734 1952 in
1748 1878 1854 1954 bello.

399 1998 471 2084 Qui
490 1996 708 2097 reperculsus
721 2009 758 2070 et
776 1995 895 2070 multis
912 1995 1029 2095 plagis
1042 1994 1196 2069 letaliter
1213 1994 1391 2069 sauciatus
1404 2020 1427 2069 a
1439 1995 1559 2070 multis
1575 1997 1709 2096 primus
1724 2001 1855 2077 cecidit

398 2145 440 2193 ex
464 2117 640 2203 omnibus,
662 2129 699 2191 et
722 2128 881 2192 mortuus
904 2116 967 2190 est.
1021 2115 1132 2190 Pauci
1156 2139 1240 2190 vero
1263 2115 1470 2190 ceciderunt
1494 2128 1664 2217 exparte
1687 2112 1855 2198 Edwardi

396 2252 539 2341 propter
563 2238 826 2313 multitudinem
850 2249 1067 2312 armatorum
1090 2236 1361 2336 prevalentinm,
1378 2237 1454 2312 fere
1471 2262 1596 2314 omnes
1612 2265 1657 2313 ex
1678 2255 1780 2341 parte
1801 2243 1855 2318 Si-

397 2363 512 2437 monis
529 2385 611 2435 cum
625 2360 699 2461 ipso
713 2358 857 2433 demum
875 2357 1034 2442 Simone,
1053 2369 1089 2432 et
1106 2357 1235 2432 mortui
1249 2359 1340 2442 sunt,
1358 2370 1502 2458 propter
1518 2360 1738 2458 paucitatem
1755 2364 1854 2464 adju·

397 2498 514 2558 torum
542 2482 614 2556 cito
644 2479 897 2564 deficientium,
928 2489 1045 2577 preter
1074 2503 1210 2577 paucos
1236 2479 1299 2579 qui
1329 2480 1365 2553 se
1397 2478 1569 2555 dedentes
1596 2484 1856 2582 pugnatoribus

397 2601 575 2686 Edwardi,
600 2600 828 2675 reddiderunt
852 2599 903 2674 eis
926 2624 1025 2673 arma
1049 2600 1122 2673 sua.
1177 2598 1317 2698 Gwpdo
1334 2611 1456 2675 autem
1474 2601 1577 2701 cujus
1594 2615 1678 2677 ante
1696 2607 1852 2691 memini,

395 2724 496 2799 miles
522 2721 725 2807 acerrimus,
743 2720 888 2795 natione
910 2720 1051 2806 Scotus‚
1069 2745 1151 2794 cnm
1168 2732 1255 2795 tunc
1271 2719 1437 2819 potuisset
1453 2721 1577 2796 salvari
1595 2748 1618 2797 a
1634 2736 1748 2799 morte
1765 2737 1853 2800 tem-

396 2844 521 2947 porali,
548 2841 673 2917 noluit.
729 2840 910 2917 Occubuit
936 2839 1044 2942 igitur
1070 2866 1152 2916 cnm
1175 2841 1362 2956 multisoex
1385 2841 1614 2942 magnatibus
1634 2843 1766 2944 Anglie
1790 2849 1852 2947 qui

396 2976 566 3042 venerant
580 2961 626 3038 ad
644 2961 790 3047 bellum,
812 2973 851 3036 ut
868 2959 1093 3037 decertarent
1110 2987 1174 3060 pro
1187 2961 1324 3062 justitia
1342 2960 1493 3063 Anglie;
1510 2962 1612 3063 cujus
1628 2962 1853 3063 postmodum

392 3087 527 3188 justitie
553 3082 739 3159 infallibile
765 3081 902 3183 lignum
925 3083 994 3156 suit
1014 3081 1138 3158 crebra
1157 3083 1409 3157 miraculorum
1434 3082 1580 3158 exibitio
1606 3084 1772 3162 divinitus
1792 3113 1853 3162 ex-

394 3207 506 3284 hibita
526 3207 619 3281 circa
633 3203 829 3305 Hugonem
841 3203 1147 3304 Dispensatorem,
1160 3205 1334 3289 summum
1343 3204 1571 3304 justitiarium
1584 3205 1729 3307 Anglie,
1740 3209 1853 3284 virum

389 3327 610 3430 jullillunum
636 3340 672 3401 et
696 3324 917 3426 equiffimum
941 3324 978 3399 in
1001 3324 1098 3399 omni
1115 3323 1252 3424 judicio
1276 3325 1370 3400 circa
1393 3324 1520 3401 divites
1542 3338 1579 3402 et
1601 3353 1790 3428 pauperes,
1817 3343 1853 3405 et

392 3451 486 3526 circa
507 3450 703 3533 Simonem,
717 3458 754 3522 et
770 3444 959 3521 nonnullos
976 3445 1065 3520 alios
1082 3445 1144 3545 qui
1161 3444 1269 3521 fidem
1280 3445 1363 3520 Deo
1376 3447 1554 3522 servantes
1572 3449 1744 3549 usquead
1760 3476 1852 3526 mor·

392 3585 465 3648 tem
478 3582 621 3671 propter
634 3567 806 3668 justitiam
820 3567 920 3667 regni
934 3566 1147 3667 Anglorum,
1160 3565 1258 3666 quod
1270 3567 1365 3668 juste
1378 3568 1602 3668 susceperant
1615 3570 1662 3644 ad
1679 3560 1852 3648 tuendum

392 3704 516 3768 contra
534 3689 755 3790 alienigenas
773 3699 809 3763 ct
832 3688 941 3763 etiam
964 3700 1088 3764 contra
1110 3713 1234 3788 regem
1251 3689 1313 3787 qui
1336 3687 1463 3788 injuste
1480 3689 1683 3767 detinuerat
1695 3692 1795 3779 ⁴illos,
1814 3706 1852 3768 ut

392 3813 529 3888 dietum
552 3810 615 3894 est,
639 3809 675 3883 in
699 3806 856 3883 editione
874 3807 975 3883 sacta
992 3807 1038 3884 dc
1057 3807 1150 3884 bello
1170 3806 1342 3895 Lawenfi,
1360 3807 1406 3884 de
1428 3835 1537 3885 manu
1561 3812 1624 3886 viri
1648 3813 1760 3888 sancti
1781 3813 1852 3899 Ro·

393 3933 483 4008 berti
496 3929 699 4014 Grostehte,
713 3927 969 4005 Lincolniensis
980 3930 1147 4029 episcopi,
1159 3928 1195 4003 in
1209 3928 1442 4005 remissionem
1454 3944 1684 4031 peccatorum
1697 3934 1847 4008 suorum.

390 4053 490 4129 lustc
517 4052 626 4153 igitur
653 4048 897 4125 occubuerunt
924 4074 988 4151 pro
1011 4050 1147 4150 justitia
1170 4048 1407 4137 decertantes,
1431 4062 1468 4126 ct
1495 4050 1577 4127 ideo
1600 4053 1849 4153 postmortem

389 4171 548 4249 nonnulli
571 4196 694 4248 eorum
715 4183 919 4245 meruerunt
937 4195 959 4244 a
978 4169 1060 4253 Deo
1083 4170 1334 4245 miraculorum
1354 4170 1619 4258 exhibitionem,
1636 4172 1786 4272 gloriam
1810 4187 1848 4250 et

391 4292 667 4378 venerationem,
685 4305 723 4366 et
740 4291 822 4368 ideo
840 4290 1031 4367 creduntur
1048 4316 1200 4393 regnare
1217 4317 1299 4367 cum
1319 4291 1401 4368 Deo
1419 4293 1455 4368 in
1472 4293 1597 4394 gloria.
1650 4292 1848 4369 interillos

389 4417 516 4493 heroes
533 4413 732 4490 fortiffimos
750 4424 827 4489 crat
846 4410 1011 4511 Rogerus
1028 4409 1073 4487 de
1094 4411 1204 4499 Rwle,
1222 4412 1337 4489 socius
1352 4412 1545 4515 Gwydonis
1562 4414 1767 4514 supradicti,
1786 4417 1847 4517 qui

388 4538 496 4613 etiam
514 4560 596 4612 cum
614 4536 688 4637 ipso
707 4545 866 4610 mortuus
884 4532 945 4607 cst.
985 4531 1163 4608 Dominus
1179 4558 1263 4610 vero
1279 4532 1458 4611 Henricus
1475 4561 1549 4622 rex,
1563 4535 1625 4634 qui
1643 4535 1848 4637 injustitiam
1879 4568 1926 4624 s01‚
1941 4575 1988 4625 ⁶⁶,
2001 4573 2029 4626 b,

391 4656 525 4758 Anglic
542 4656 680 4732 foverat
698 4655 802 4730 nimis
818 4651 1060 4729 favorabiliter
1086 4654 1122 4729 in
1141 4653 1363 4756 alienigenis,
1382 4669 1540 4732 armatus
1557 4657 1715 4758 egressus
1733 4656 1848 4733 estad

388 4779 457 4853 hoc
475 4777 609 4854 bellum
626 4802 708 4852 cum
729 4775 888 4860 Simone,
906 4786 1051 4876 propter
1063 4774 1237 4876 justitiam
1256 4775 1390 4877 Anglie
1402 4776 1498 4878 juste
1515 4776 1793 4878 adipiscendam,
1810 4778 1847 4852 in

388 4897 543 4983 alterius,
561 4897 679 4975 nescio
697 4895 812 4996 cujus,
831 4895 948 4973 annis.
987 4895 1137 4998 Propter
1149 4895 1322 5004 justitiam
1336 4895 1469 5000 Anglie
1487 4896 1637 4975 dixerim
1653 4923 1778 5001 regem
1794 4910 1855 4988 ta·-
