4716 6428
641 736 710 813 162
973 731 1296 809 onnouron
1328 733 1404 810 nn
1440 731 1726 810 Marnaos.
1767 827 1770 835 ,
1857 690 1958 809 nn.
1981 741 2090 811 1244.

638 949 840 1024 habitantes
865 948 996 1023 ibidem
1013 949 1075 1048 qui
1097 948 1329 1024 censebantur
1353 947 1497 1022 nomine
1519 946 1732 1032 Christiano,
1753 949 1916 1047 quamvis
1934 948 2092 1026 subditos

639 1070 805 1154 servituti,
819 1069 1037 1144 dimittentes
1054 1070 1089 1142 in
1107 1094 1197 1168 paee
1214 1069 1250 1142 in
1263 1068 1422 1166 sepulcro
1436 1079 1472 1142 et
1490 1068 1567 1142 aliis
1583 1068 1672 1142 locis
1684 1067 1946 1145 venerabilibus
1958 1070 2091 1146 Divina

639 1190 792 1264 misteria
810 1189 990 1264 celebrare
1008 1201 1045 1264 et
1062 1190 1189 1264 eadem
1207 1189 1393 1263 custodire.
1441 1187 1495 1262 Illi
1513 1213 1597 1263 vero
1615 1188 1838 1288 perfidissimi,
1854 1215 1926 1265 non
1944 1215 2092 1291 parcen·

641 1323 695 1384 tes
712 1310 887 1410 religioni,
901 1310 1010 1394 serui,
1023 1310 1079 1384 vel
1093 1310 1192 1394 etati,
1210 1310 1290 1383 loca
1306 1309 1430 1384 sansta
1447 1321 1621 1409 quantum
1638 1309 1675 1383 in
1688 1310 1724 1384 se
1737 1309 1789 1384 est
1804 1311 2092 1410 profanaverunt,

640 1431 761 1504 necin
779 1431 852 1529 ipsa
865 1430 1009 1504 civitate
1022 1428 1226 1504 dimiserunt
1244 1429 1399 1528 aliquem
1415 1428 1666 1504 Christianum.
1705 1428 1765 1503 Ab
1783 1430 1931 1506 ecclesia
1947 1431 2093 1532 quidem

641 1552 790 1651 sepulcri
810 1550 990 1624 Dominici
1008 1551 1145 1625 testum
1162 1549 1368 1649 plumbeum
1386 1549 1619 1636 abstulerunt3
1643 1550 1729 1651 quin
1747 1551 1861 1625 eciam
1879 1551 1926 1626 ad
1943 1578 2094 1628 marmo-

642 1698 741 1748 reum
768 1671 979 1756 tabulatum,
1008 1671 1105 1771 quod
1132 1671 1215 1745 hinc
1243 1669 1327 1745 inde
1354 1671 1552 1770 sepulcrum
1580 1670 1810 1746 Dominicum
1836 1672 2092 1759 circumdabat,

641 1818 768 1869 manus
791 1792 980 1892 sacrilegas
1003 1790 1234 1866 extendentes
1256 1792 1369 1890 ipsum
1391 1790 1551 1865 funditus
1576 1803 1754 1876 eruerunt,
1776 1791 1896 1866 locum
1921 1794 2035 1892 ipsum
2056 1796 2092 1869 in

643 1940 714 2014 quo
732 1913 887 2011 sepultus
905 1912 955 1986 est
975 1912 1165 1996 Dominus,
1189 1923 1362 2012 quantum
1385 1911 1421 1986 in
1444 1913 1480 1986 se
1503 1911 1566 1997 est,
1590 1911 1829 2011 multipliciter
1850 1912 2093 2014 deturpantes.

643 2032 725 2108 Nec
742 2033 793 2107 est
815 2033 851 2107 in
874 2033 1044 2106 memoria
1062 2032 1259 2132 aliquomm
1282 2033 1393 2132 usque
1416 2030 1462 2107 ad
1485 2045 1647 2131 tempora
1669 2032 1730 2107 illa
1751 2033 2011 2109 Saracenorum
2029 2036 2091 2110 ali·

642 2179 733 2253 quos
749 2165 823 2227 tam
845 2153 981 2227 nefaria
999 2151 1213 2227 commisrsse.
1266 2151 1316 2226 Et
1338 2153 1569 2227 ascendentes
1593 2152 1640 2226 ad
1658 2152 1873 2228 Beelmitam
1896 2154 2093 2241 ecclesiam,

643 2299 723 2348 eam
739 2274 858 2347 multis
875 2272 991 2347 modis
1007 2272 1149 2346 violasse
1166 2272 1346 2346 dicuntur:
1372 2271 1452 2347 loca
1470 2274 1578 2347 etiam
1591 2273 1827 2360 sacratissima,
1845 2261 1978 2350 scilidet
1994 2301 2094 2352 mon·

642 2409 715 2468 tem
737 2394 846 2491 Sion,
867 2393 1059 2492 Templum
1078 2392 1236 2477 Domini,
1254 2405 1290 2467 et
1308 2393 1379 2467 alia
1401 2393 1481 2467 loca
1498 2393 1715 2469 venerabilia
1732 2394 1884 2469 civitatis
1903 2394 2094 2471 Ierusalem

643 2515 832 2613 turpissime
844 2514 1051 2588 bastantes
1098 2513 1138 2587 In
1152 2512 1239 2588 urbe
1257 2514 1379 2612 itaque
1396 2515 1519 2614 magni
1537 2513 1686 2600 decoris,
1700 2539 1771 2615 que
1788 2515 1906 2590 suerat
1922 2515 2094 2615 gaudium

643 2635 802 2709 universe
829 2647 933 2718 terre,
964 2635 1100 2734 inqua
1129 2633 1265 2734 justitia
1292 2632 1490 2719 habitabat,
1521 2635 1747 2736 exigentibus
1780 2636 1938 2735 peccatis
1971 2637 2094 2736 populi

647 2753 848 2839 Christiani,
865 2779 960 2828 nunc
977 2753 1139 2828 habitant
1156 2752 1345 2829 homicide.
1392 2753 1465 2829 Sed
1483 2767 1519 2830 et
1535 2754 1649 2831 hostia
1667 2768 1703 2830 et
1719 2754 1963 2831 holocaustum
1977 2755 2096 2833 deficit

638 2868 690 2948 ¹ab
708 2875 779 2947 illa.
834 2873 1009 2948 Tulemnt
1026 2875 1120 2948 enim
1133 2875 1224 2973 juge
1241 2874 1459 2960 sacrificium,
1478 2874 1684 2976 dejecerunt
1706 2876 1825 2950 locum
1842 2876 2095 2952 sanstificacio-

643 2995 709 3079 nis,
729 2995 960 3069 incenderunt
976 2995 1061 3095 igne
1078 2995 1316 3069 sanstuarium
1336 2994 1419 3079 Dei,
1437 2995 1638 3095 polluerunt
1660 2997 1778 3071 locum
1795 2997 2015 3072 tabernaculi
2033 3022 2095 3072 no·

644 3116 746 3190 mihis
764 3116 852 3216 ejus
871 3116 907 3188 in
925 3116 1175 3189 contumeliam
1193 3127 1229 3190 et
1246 3114 1474 3216 obprobrium
1490 3117 1643 3191 nominis
1663 3116 1864 3192 Christiani.

695 3235 840 3336 Insuper
857 3236 1034 3322 noveritis,
1053 3248 1154 3335 pater
1171 3236 1305 3321 sanste,
1318 3236 1416 3336 quod
1432 3236 1468 3309 in
1486 3248 1622 3311 tantam
1640 3237 1878 3312 audaciamet
1896 3237 2095 3336 superbiam

643 3356 886 3441 ascenderunt,
900 3355 997 3456 quod
1014 3382 1076 3455 per
1093 3368 1205 3431 totam
1219 3369 1347 3432 terram
1365 3356 1563 3455 predistam
1576 3357 1735 3458 undique
1751 3358 1995 3444 discurrentes,
2008 3384 2096 3457 quo·

643 3504 719 3552 rum
738 3504 863 3552 manus
880 3479 928 3552 nil
946 3478 1028 3552 mali
1047 3478 1285 3553 indifferenter
1302 3478 1453 3563 evitant3
1479 3489 1515 3551 et
1532 3502 1650 3578 neque
1668 3478 1704 3551 in
1724 3477 1944 3553 Tiberiadim
1962 3490 1998 3553 et
2015 3478 2095 3553 loca

644 3599 858 3698 adjacentia,
881 3600 916 3672 in
935 3599 1102 3698 predistis
1120 3598 1291 3673 incendiis
1309 3610 1346 3672 et
1362 3597 1560 3672 homicidiis
1583 3596 1817 3696 procedentes
1839 3624 1950 3697 prope
1969 3599 2095 3674 Accon

647 3720 692 3793 ad
714 3720 773 3818 vij.
792 3719 942 3793 miliaria
964 3730 1134 3792 venerant
1160 3718 1196 3792 in
1222 3719 1385 3817 predam3
1411 3730 1613 3819 terramque
1639 3719 1903 3795 ultramarinam
1928 3719 2095 3794 noveritis

643 3842 679 3912 in
697 3839 898 3914 necessitate
916 3839 1067 3940 plurima
1085 3851 1120 3912 et
1137 3840 1294 3937 periculo
1312 3864 1445 3938 magno
1459 3838 1695 3924 constitutam,
1714 3839 1845 3914 scilicet
1858 3840 1956 3939 quali
1973 3865 1996 3915 a
2012 3864 2094 3915 cen·

643 3973 719 4032 tum
737 3959 837 4032 annis
854 3983 925 4031 non
943 3959 1107 4031 recolitur
1125 3957 1284 4033 extitisse.
1339 3958 1544 4033 Ascendant
1562 3959 1669 4059 igitur
1687 3959 1734 4034 ad
1751 3984 1855 4035 aures
1872 3961 1991 4035 vicarii
2008 3959 2094 4035 Jesu

647 4078 786 4162 Christi,
805 4091 896 4152 terre
913 4079 1035 4153 sanae
1061 4079 1215 4178 gemitus
1232 4077 1393 4163 dolorosi,
1417 4078 1562 4154 ecclesie
1583 4078 1773 4180 Ierusalem
1799 4082 1955 4155 lamenta
1972 4092 2009 4155 et
2031 4080 2094 4154 ob·

635 4196 785 4298 probria
812 4198 1105 4296 exprobrancium
1131 4197 1214 4272 fidei
1240 4197 1450 4273 Christiane.
1505 4199 1661 4274 Prodeat
1684 4199 1730 4275 de
1758 4199 1904 4276 ecclesia
1932 4199 2095 4275 Romana

644 4319 784 4418 gladius
802 4317 978 4392 bisacutus
996 4318 1042 4391 ad
1059 4318 1310 4392 vindicandum
1327 4319 1535 4420 sanguinem
1560 4320 1798 4405 innocentem,
1817 4333 1922 4396 exeat
1940 4322 1986 4395 de
2003 4321 2093 4396 thes·

645 4438 738 4513 auris
755 4437 859 4537 ipfius
877 4439 1069 4513 consolatio
1087 4436 1263 4524 desolatis,
1285 4440 1422 4514 intonet
1439 4441 1484 4514 de
1501 4439 1666 4516 saucibus
1684 4441 1789 4540 ipsius
1805 4441 1952 4515 verbum
1969 4441 2092 4516 exhor·

644 4559 787 4634 tationis
801 4559 847 4632 ad
865 4584 968 4659 reges
981 4571 1017 4633 et
1029 4557 1152 4633 mundi
1165 4559 1341 4659 principes
1353 4561 1542 4647 universos,
1556 4571 1595 4635 ut
1609 4561 1655 4635 ad
1668 4560 1917 4636 vindicandam
1930 4561 2094 4661 injuriam

644 4680 728 4756 Jesu
748 4679 887 4765 Christi,
907 4705 968 4779 per
986 4706 1093 4780 quem
1110 4680 1231 4754 vivunt
1248 4691 1284 4755 et
1302 4693 1464 4781 regnant,
1483 4694 1519 4756 et
1536 4682 1651 4757 tocius
1670 4680 1944 4756 Christianitatis
1967 4681 2093 4781 obpro·

644 4800 720 4876 bria
743 4825 813 4875 non
836 4801 1004 4901 permissis
1027 4801 1124 4875 illata
1147 4800 1193 4875 de
1217 4802 1381 4877 festinato
1402 4804 1564 4877 succursu
1587 4812 1678 4876 terre
1701 4800 1862 4902 prediste
1885 4801 2093 4877 subveniant

644 4920 730 4995 sicut
757 4922 870 4997 vestra
895 4921 1063 4997 sanstitas
1087 4921 1225 4997 duxerit
1251 4923 1496 4997 ordinandum.
1551 4921 1687 4996 Assum
1710 4921 1805 5021 apud
1833 4922 1971 5008 Accon,
1998 4946 2092 4997 anno

646 5041 793 5117 Domini
810 5042 1021 5143 mccxliiij,
1040 5041 1150 5140 indie
1168 5041 1280 5118 sandei
1299 5041 1492 5117 Matthaei”
1514 5040 1619 5140 [Sep.
1639 5040 1714 5140 11].
