4716 6428
1839 412 1859 447 O

473 728 546 797 210
823 718 1141 799 CHRONICA
1174 717 1266 794 DE'
1286 717 1575 795 MAILROS.
1690 719 1790 797 ab.
1820 721 1928 823 1268.

475 941 666 1039 poralibus,
688 953 725 1014 et
745 952 916 1015 vocantur
940 964 1089 1014 vermes.
1142 936 1205 1012 Hii
1231 936 1393 1011 habitant
1416 937 1452 1010 in
1475 937 1656 1037 provincia
1671 937 1777 1036 juxta
1802 963 1930 1017 zonam

474 1061 654 1148 torridam,
673 1072 712 1135 ut
728 1060 880 1135 habetur
896 1062 933 1136 in
950 1059 1097 1159 epistola
1111 1058 1284 1133 lobannis
1301 1056 1493 1156 presbiteri,
1513 1057 1809 1160 appellanturque
1830 1060 1929 1136 Sala·

473 1183 631 1257 mandre.
678 1182 737 1256 Isti
755 1182 879 1281 optimi
896 1207 1033 1256 vermes
1049 1205 1122 1254 non
1138 1178 1278 1280 possunt
1295 1178 1428 1277 optime
1446 1179 1563 1253 vivere
1580 1177 1644 1254 nifi
1661 1180 1698 1254 in
1715 1179 1800 1282 igne
1818 1207 1841 1256 a
1857 1207 1929 1281 quo

473 1303 646 1402 recipiunt
664 1303 928 1402 vegetationem
944 1303 1054 1376 suam.
1094 1299 1175 1374 Hee
1187 1298 1406 1374 salamandra
1423 1324 1495 1374 non
1509 1300 1588 1375 sunt
1600 1299 1729 1376 similes
1746 1301 1929 1379 Salaman-

475 1423 545 1497 dris
559 1423 707 1497 aliarum
725 1423 982 1523 provinciarum
996 1421 1178 1495 inutilibus
1191 1433 1228 1494 et
1241 1420 1435 1505 venenosis,
1449 1431 1485 1495 et
1502 1421 1584 1495 ideo
1598 1422 1735 1496 faciunt
1747 1423 1930 1522 pelliculas

474 1544 600 1617 sericas
617 1544 653 1616 in
671 1542 800 1643 quibus
818 1544 853 1616 se
872 1542 1091 1617 abscondunt
1113 1540 1201 1616 ficut
1222 1541 1291 1616 alie
1308 1566 1445 1638 vermes
1463 1542 1524 1640 qui
1548 1543 1684 1616 faciunt
1707 1544 1868 1631 sericum,
1886 1570 1930 1620 ex

474 1663 603 1763 quibus
616 1664 788 1762 pelliculis
805 1664 892 1737 fiunt
911 1662 1024 1737 vestes
1041 1662 1088 1736 ad
1101 1663 1201 1736 usum
1214 1687 1340 1762 regum
1355 1645 1670 1763 et'magnatorum.
1717 1661 1799 1739 Hee
1816 1665 1930 1740 velles

473 1809 544 1857 non
567 1782 706 1883 possunt
728 1784 838 1857 lavari
861 1782 924 1856 nili
947 1783 983 1857 in
1006 1783 1090 1883 igne
1107 1783 1244 1857 fortiter
1271 1784 1431 1868 accenso,
1450 1783 1495 1856 de
1513 1808 1664 1882 quarum
1687 1808 1818 1883 genere
1841 1797 1929 1886 puto

473 1904 525 1978 est
541 1905 644 1978 vestis
662 1904 707 1978 de
724 1929 797 2003 qua
813 1904 968 2003 loquitur
988 1903 1124 1979 Plinius
1140 1903 1230 1978 libro
1249 1904 1335 2003 viij,
1353 1904 1510 2004 capitulo
1528 1904 1649 2004 xlviij,
1666 1905 1863 1979 'dicens-‘⁶
1877 1906 1929 1980 est

473 2025 628 2124 quedam
646 2021 749 2100 vestis
767 2051 837 2125 que
856 2026 948 2099 ferro
967 2023 1087 2100 resistit
1106 2035 1142 2099 et
1159 2023 1340 2126 ignibus.”
1392 2025 1477 2100 Viso
1495 2027 1617 2124 itaque
1634 2026 1807 2126 regimine
1824 2052 1929 2125 quor·

473 2145 605 2219 undam
631 2146 864 2220 animantium
890 2170 1032 2221 omnem
1057 2145 1299 2245 frugalitatem
1325 2145 1518 2219 humanam
1542 2145 1738 2221 excedente
1764 2158 1801 2222 et
1826 2146 1928 2222 absti-

473 2269 631 2341 nentiam
649 2268 808 2342 omnium
825 2266 1009 2341 hominum
1026 2267 1225 2365 superante,
1239 2265 1438 2341 mirandum
1455 2292 1526 2340 non
1545 2266 1607 2351 est,
1621 2265 1647 2341 fi
1663 2266 1788 2342 Simon
1806 2295 1828 2343 a
1847 2268 1928 2345 Deo

471 2388 686 2487 frugalitatis
711 2389 876 2462 virtutem
906 2386 1059 2485 adeptus
1090 2386 1152 2472 est,
1179 2399 1219 2461 ut
1244 2386 1336 2460 ultra
1365 2411 1436 2461 non
1464 2386 1673 2485 procederet
1703 2389 1749 2461 ad
1780 2389 1928 2490 alicujus

471 2509 719 2605 superfluitatis
736 2509 849 2592 usum,
869 2506 955 2582 ficut
978 2532 1046 2581 nec
1069 2506 1227 2582 camelus
1244 2507 1318 2581 vult
1341 2509 1595 2606 quoquomodo
1619 2509 1812 2608 procedere
1838 2510 1929 2586 ultra

471 2629 621 2726 spatium
648 2629 781 2702 itineris
805 2628 856 2702 sui
879 2629 1097 2713 consuetum,
1120 2653 1188 2703 nec
1206 2628 1314 2702 etiarn
1340 2629 1419 2726 plus
1442 2629 1599 2728 recipere
1617 2628 1662 2703 de
1686 2655 1794 2704 onere
1820 2656 1928 2730 quam

471 2749 650 2823 consuevit
679 2762 831 2847 portare,
860 2760 899 2823 ut
928 2749 1042 2823 innuit
1071 2748 1206 2823 Plinius
1236 2748 1325 2822 libro
1351 2748 1436 2847 viij,
1463 2749 1620 2847 capitulo
1645 2750 1716 2825 xix.
1768 2750 1817 2824 Et
1847 2752 1928 2828 talis

470 2869 615 2967 quidem
634 2870 853 2968 comparatio
870 2870 969 2943 rene
990 2869 1252 2943 consuetudinis
1275 2868 1468 2943 admodum
1492 2869 1620 2945 idonee
1638 2883 1843 2970 comparata
1860 2873 1926 2948 vir·

470 2991 570 3064 tuose
596 2989 792 3090 frugalitati
820 2990 986 3075 Simonis,
1013 2991 1049 3063 in
1075 2989 1172 3064 nullo
1198 2990 1335 3064 videtur
1362 2991 1536 3090 derogare
1562 2992 1728 3066 consuete
1752 2992 1926 3068 modestia

470 3111 667 3185 sanctitatis
684 3111 778 3209 ejus3
805 3111 851 3185 de
869 3112 969 3210 cujus
983 3111 1099 3184 cilicio
1112 3110 1295 3187 videamus
1314 3111 1448 3212 aliquid
1467 3112 1595 3197 adhuc,
1610 3138 1692 3186 cum
1708 3112 1839 3188 debeat
1855 3115 1926 3189 csse

468 3255 539 3304 non
562 3230 634 3305 fine
652 3233 757 3307 causa
775 3231 954 3317 sanstum3
980 3231 1118 3306 fienim
1144 3233 1217 3307 sete
1241 3232 1367 3306 cameli
1394 3232 1623 3308 medicinales
1646 3235 1736 3320 funt,
1759 3247 1799 3308 ut
1821 3236 1927 3311 docet

473 3351 607 3427 Plinius
630 3353 719 3427 libro
742 3353 945 3452 supradidio
963 3354 1120 3454 capitulo
1139 3353 1224 3453 viij,
1243 3365 1280 3428 et
1302 3355 1402 3454 ponit
1428 3354 1476 3428 ibi
1503 3355 1595 3430 fetas
1618 3381 1682 3454 pro
1706 3356 1798 3454 pilis,
1815 3358 1925 3433 multo

470 3475 586 3574 magis
603 3475 757 3549 cilicium
774 3473 958 3574 cujussibet
982 3474 1094 3548 sancti
1120 3473 1272 3548 hominis
1290 3500 1334 3549 ex
1360 3475 1440 3573 pilis
1458 3476 1586 3550 cameli
1604 3477 1659 3551 vel
1687 3476 1831 3552 alterius
1854 3479 1926 3553 ani·

470 3596 572 3670 malis
595 3607 812 3680 contextum,
837 3595 946 3669 debet
968 3594 1119 3669 estimari
1138 3596 1310 3670 sancium.
1367 3594 1547 3694 Compara
1571 3597 1678 3696 igitur
1697 3597 1851 3673 cilicium
1872 3599 1925 3673 Si·

471 3717 585 3790 monis
602 3715 818 3789 strenuissimi
843 3715 964 3790 militis
982 3727 1017 3789 et
1041 3716 1188 3815 pallium
1205 3727 1241 3790 et
1264 3716 1422 3791 tunicam
1446 3717 1646 3792 sanctiflimi
1670 3719 1863 3819 piscatoris,
1881 3719 1926 3795 de

470 3836 599 3934 quibus
623 3835 758 3935 aliquid
782 3837 959 3934 prefatum
978 3836 1040 3921 est,
1055 3849 1095 3932 et
1121 3837 1277 3912 invenies
1300 3837 1336 3910 ni
1359 3838 1462 3912 fallor
1489 3838 1730 3914 austeritatem
1748 3840 1850 3914 cilicii
1873 3840 1926 3914 Si·

470 3957 585 4031 monis
613 3982 684 4029 non
715 3956 831 4030 minus
860 3955 1052 4031 habentem
1083 3957 1128 4031 de
1156 3958 1350 4056 penalitate
1381 3959 1416 4031 in
1451 3959 1609 4044 Simone,
1640 3985 1750 4059 quam
1780 3960 1926 4058 pallium

470 4076 604 4149 nudum
630 4089 666 4150 et
692 4076 812 4151 tunica
838 4075 935 4151 nuda
961 4076 1219 4152 excellentioris
1248 4079 1402 4154 Simonis
1425 4078 1551 4154 habuit
1575 4081 1611 4154 in
1637 4091 1736 4154 tanto
1765 4078 1924 4166 Simone,

470 4221 560 4295 quas
578 4197 655 4295 ejus
672 4222 727 4271 res
740 4197 817 4295 jam
839 4222 911 4270 non
933 4197 1081 4270 arbitror
1099 4197 1294 4272 causandas
1312 4212 1455 4298 propter
1476 4200 1681 4284 novitatem,
1700 4199 1784 4274 dum
1806 4202 1924 4300 magis

469 4317 659 4417 creduntur
677 4316 777 4391 fuisse
795 4317 929 4393 vetuste
947 4342 1056 4416 quam
1073 4342 1176 4403 nove,
1196 4330 1231 4393 et
1249 4319 1330 4394 ideo
1347 4320 1493 4421 frigidm
1517 4323 1554 4396 in
1571 4319 1699 4422 quibus
1716 4321 1799 4395 fane
1817 4320 1924 4396 rebus

470 4437 685 4511 credendum
716 4436 892 4537 estquod
921 4438 1058 4536 hy‘emis
1087 4448 1247 4538 tempore
1276 4441 1480 4539 frequenter
1510 4442 1635 4543 alguit,
1663 4441 1765 4541 cujus
1793 4441 1925 4542 algoris

469 4557 652 4633 austeritas
668 4584 801 4659 magna
819 4570 894 4632 erat
912 4559 960 4632 illi
979 4560 1163 4658 penalitas.
1219 4560 1260 4634 ln
1277 4561 1406 4660 quibus
1423 4563 1531 4636 etiam
1549 4562 1654 4638 rebus
1671 4589 1754 4638 curn
1772 4563 1936 4638 estuaret¹

468 4800 529 4874 nisr
547 4801 638 4874 sorte
662 4799 834 4875 infinuosa
851 4801 947 4899 pallii
966 4801 1043 4900 ejus
1059 4801 1304 4902 refrigerativa
1321 4801 1546 4878 obumbratio
1568 4826 1641 4878 non
1660 4816 1736 4878 erat
1758 4803 1808 4877 illi
1832 4803 1923 4879 aeris

467 4920 585 5019 frigidi
617 4921 851 5021 aggregativa
878 4921 1072 4997 consolatio
1099 4933 1222 4997 contra
1249 4920 1412 4998 ardorem
1438 4922 1567 4998 caloris
1593 4924 1750 5009 maximi,
1777 4924 1921 5023 quando

1984 2402 2032 2458 fol.
2047 2408 2092 2463 7⁰.
