4716 6428
312 739 542 825 A.D.1270.
670 733 990 811 CHRONICA
1023 733 1099 810 DE
1136 733 1428 809 MAILROS.
1696 742 1765 810 221

308 953 524 1029 admiraldus
555 952 748 1028 fecundum
780 953 896 1026 scema
926 954 987 1026 sue
1017 951 1171 1025 levitatis
1203 950 1400 1050 tripudians
1431 960 1514 1023 ante
1544 950 1669 1049 ipsum,
1701 949 1770 1027 acsi

308 1075 380 1172 ipse
395 1075 481 1149 esset
494 1075 684 1176 joculator,
699 1097 807 1172 aquo
822 1072 966 1146 demum
984 1072 1097 1171 petita
1110 1071 1254 1146 licentia
1271 1070 1461 1145 recedendi
1479 1070 1614 1145 receffit
1631 1070 1678 1145 ab
1695 1072 1770 1171 ipso

307 1196 441 1281 infelix,
460 1195 644 1271 dolositate
662 1195 801 1295 plenus,
819 1194 1030 1294 promittens
1047 1192 1179 1267 crebris
1196 1192 1332 1266 vicibus
1349 1194 1384 1266 se
1403 1203 1589 1266 venturum
1608 1190 1654 1266 ad
1672 1192 1770 1266 illum

307 1316 353 1389 ad
377 1317 630 1391 consolandum
656 1318 692 1391 se
716 1326 753 1390 et
776 1314 1001 1416 spatiandum
1025 1340 1106 1389 cnm
1132 1313 1210 1398 illo;
1240 1313 1338 1412 quod
1361 1314 1459 1399 fecit,
1482 1314 1627 1389 mittens
1649 1313 1684 1387 ei
1708 1339 1771 1413 per

295 1437 424 1537 plnres
442 1439 537 1512 vices
550 1463 648 1511 more
662 1436 763 1511 solito
778 1437 936 1510 inmensa
950 1436 1102 1509 exennia
1115 1447 1151 1508 et
1164 1435 1322 1533 speciosa
1335 1434 1493 1509 donaria.
1549 1433 1583 1507 A
1597 1460 1670 1534 quo
1688 1460 1770 1509 cum

306 1571 470 1656 quereret
498 1558 714 1632 Eduuardns
737 1582 799 1630 cur
824 1556 962 1631 tamdiu
986 1555 1142 1630 differret
1168 1554 1392 1653 baptilfmum
1416 1555 1602 1654 suscipere,
1629 1556 1769 1654 respon-

306 1677 368 1761 dit,
387 1681 422 1752 se
441 1678 613 1753 assensum
631 1679 708 1777 jam
732 1676 891 1751 habuisse
914 1676 1107 1750 multorum
1124 1700 1169 1750 ex
1192 1676 1263 1750 suis
1281 1675 1328 1749 ad
1351 1675 1420 1749 hoc
1437 1675 1655 1761 faciendum,
1674 1689 1697 1721 “
1709 1676 1769 1751 sed

305 1824 375 1872 non
394 1800 590 1895 omnium,’†
610 1779 737 1898 inquit,
763 1811 785 1843 “
800 1823 908 1897 quem
932 1798 1024 1871 infra
1041 1796 1148 1872 breve
1172 1808 1314 1896 tempus
1337 1796 1536 1895 adquiram‚
1556 1796 1639 1871 Deo
1656 1798 1768 1873 vestre

305 1918 387 1993 fidei
409 1919 608 1994 Christiane
626 1918 873 2019 providente.'’
929 1917 991 1991 Hii
1011 1917 1096 1990 dum
1113 1917 1160 1991 fic
1178 1919 1213 1991 fe
1234 1916 1368 1991 habent
1391 1915 1437 1991 ad
1463 1917 1614 1991 invicem
1638 1920 1768 1993 amica·
1875 1922 1881 1933 '

305 2039 421 2147 lpiliter
448 2039 545 2139 qnafi
574 2040 835 2124 confederatus,
863 2038 960 2113 nulla
988 2038 1084 2138 apud
1113 2037 1237 2112 ambos
1265 2037 1365 2112 alteri
1394 2038 1439 2112 de
1458 2038 1579 2113 ,altero
1607 2051 1768 2113 remanet

304 2150 476 2261 susspicio.
530 2160 635 2234 Unde
654 2187 771 2234 rumor
794 2159 875 2234 talis
898 2160 1116 2260 permaxime
1135 2160 1290 2234 amicitie
1312 2185 1435 2233 eorum
1453 2161 1613 2260 pervenit
1631 2160 1678 2235 ad
1702 2161 1766 2234 fol·

304 2281 437 2355 danum
461 2281 569 2355 totius
591 2280 885 2366 Sarracenitatis3
912 2281 972 2380 qui
997 2281 1142 2355 mittens
1167 2281 1245 2379 poll
1272 2281 1519 2367 admiraldum,
1546 2282 1591 2355 de
1618 2307 1690 2381 quo
1708 2308 1766 2356 ve·

303 2402 507 2476 hementem
537 2401 662 2475 habuit
689 2402 932 2501 suspicionem,
954 2401 1063 2501 quod,
1082 2413 1257 2500 quantum
1281 2402 1317 2474 in
1344 2402 1418 2501 ipso
1444 2414 1533 2487 erat,
1564 2402 1765 2477 Sarraceni·

303 2534 413 2595 tatem
444 2522 554 2595 voluit
584 2522 733 2622 prodere
764 2535 801 2596 et
831 2521 971 2596 tradere
1005 2521 1213 2596 Christianis
1247 2523 1319 2621 ipse
1354 2521 1573 2598 Christianus
1604 2524 1766 2610 effeetus,

259 2717 271 2743 .
303 2644 484 2717 mandavit
515 2642 563 2716 illi
591 2645 693 2743 super
719 2643 829 2716 vitam
856 2654 893 2716 et
919 2642 1091 2728 membra,
1123 2643 1322 2743 precipiens
1346 2654 1385 2716 ut
1413 2655 1620 2743 compareat
1647 2670 1766 2719 coram

303 2763 488 2863 majestate
506 2766 568 2837 sna
586 2763 648 2837 tali
667 2763 725 2837 die
743 2776 779 2838 et
800 2763 863 2837 tali
886 2764 984 2848 loco;
1012 2764 1114 2863 cnjus
1137 2764 1331 2864 majestatis
1349 2776 1450 2838 tanta
1473 2764 1523 2838 est
1541 2765 1709 2867 dignitas
1727 2779 1767 2840 ut

303 2887 456 2958 narravit
482 2884 567 2957 mihi
594 2885 748 2984 armiger
766 2910 877 2984 aquo
901 2886 1101 2984 presentem
1126 2884 1244 2958 habeo
1270 2885 1492 2970 relationem,
1519 2887 1616 2985 qnod
1642 2912 1766 2962 omnes

303 3006 521 3079 introeuntes
544 3006 580 3078 in
607 3006 742 3105 regiam
761 3005 838 3105 ejus
856 3031 919 3105 pro
938 3006 1064 3104 quovis
1088 3007 1235 3105 negotio
1254 3005 1351 3106 apud
1375 3007 1488 3106 ipsum
1512 3007 1691 3082 audiendo
1709 3008 1766 3084 vel

302 3126 538 3226 expediendo,
562 3126 675 3223 primo
703 3125 853 3200 flectunt
880 3151 977 3225 genu
1001 3138 1100 3200 extra
1124 3127 1305 3200 introitum
1334 3129 1433 3227 regie
1460 3127 1506 3201 ad
1533 3127 1680 3203 limitem
1704 3129 1765 3204 ubi

302 3246 403 3321 limes
421 3247 483 3332 est,
503 3246 632 3320 deinde
656 3247 796 3346 ingreffi
819 3247 968 3347 regiam,
986 3248 1114 3321 iterum
1131 3248 1268 3320 faciunt
1292 3249 1579 3346 genuflexionem
1597 3229 1704 3323 aliam
1728 3251 1763 3324 in

302 3368 420 3441 medio
439 3368 550 3466 regie,
566 3366 709 3441 demum
729 3367 941 3442 accedentes
956 3379 1039 3441 ante
1057 3368 1188 3441 faciem
1202 3367 1279 3467 ejus
1297 3367 1473 3467 profunde
1491 3369 1662 3443 inclinant
1680 3395 1763 3444 eum

301 3515 422 3587 genua
439 3487 696 3562 submittentes
751 3487 812 3561 Ad
830 3513 939 3587 quem
952 3489 1098 3563 veniens
1116 3487 1235 3562 dictus
1253 3487 1469 3563 admiraldus
1486 3488 1650 3564 salutavit
1667 3515 1761 3577 eum,

301 3611 397 3709 prius
424 3610 524 3682 sacto
552 3609 667 3709 patrio
695 3609 764 3682 ritu
792 3609 954 3683 introitus
980 3609 1031 3683 sui
1060 3609 1569 3685 secundumconsuetudinem
1600 3610 1760 3686 aliorum.

272 3810 274 3816 ,
303 3731 421 3815 Quem
445 3756 526 3803 cum
550 3729 763 3804 convenisset
789 3730 954 3804 soldanus
979 3728 1100 3829 frjam
1122 3729 1341 3806 Christianus
1364 3731 1483 3806 sanus
1506 3733 1558 3807 est
1583 3745 1619 3807 et
1643 3745 1761 3808 utrum

300 3851 457 3951 proditor
474 3849 514 3923 srt
533 3850 775 3950 paganissimiW
793 3850 888 3950 apud
906 3850 1017 3924 filium
1035 3851 1128 3951 regis
1149 3849 1293 3952 Anglie,
1312 3853 1490 3952 respondit
1508 3853 1553 3938 ei,
1572 3855 1668 3952 quod
1682 3855 1761 3953 plus

301 3973 500 4071 profecerat
524 3972 620 4072 apud
643 3971 742 4045 illum
764 3971 875 4046 filium
899 3997 963 4072 pro
985 3972 1176 4046 salvatione
1200 3973 1355 4073 paganie
1379 3999 1488 4073 quam
1511 3999 1636 4051 omues
1658 3990 1760 4076 qnot-

300 4105 388 4192 quot
406 4094 483 4166 lunt
501 4093 536 4165 in
554 4091 819 4194 paganifrmoww
837 4092 915 4191 ejus
938 4092 1127 4192 potuissent
1144 4092 1253 4192 longo
1267 4105 1427 4193 tempore
1441 4095 1636 4194 profecisse.
1672 4096 1761 4172 “Et

301 4213 530 4312 quomodo?”
559 4214 683 4313 inquid
707 4214 883 4288 soldanus.
939 4213 1009 4288 Cui
1036 4213 1106 4298 ille,
1131 4215 1264 4288 “illum
1287 4216 1381 4315 regis
1398 4216 1520 4303 filium,
1542 4243 1650 4317 quem
1668 4218 1760 4294 sorte

300 4361 362 4409 vos
380 4335 523 4418 timetis,
543 4335 650 4408 tantis
673 4335 813 4434 magnis
836 4335 975 4435 placavi
999 4335 1214 4421 muneribus,
1233 4347 1285 4408 tot
1303 4338 1461 4412 exenniis
1479 4337 1649 4413 honoravi
1671 4339 1760 4413 mul·

163 4486 169 4498 ·
301 4455 490 4555 tiplicibns,
505 4455 697 4530 cautissime
716 4483 827 4556 agens
845 4482 927 4530 cum
944 4457 1031 4555 ipso,
1046 4457 1143 4555 quod
1161 4456 1296 4557 possum
1314 4459 1433 4532 sacere
1452 4458 1496 4534 de
1514 4459 1575 4532 illo
1589 4460 1759 4559 quicquid

301 4577 397 4662 volo;
423 4602 490 4649 nec
509 4576 643 4675 aliquid
661 4577 815 4675 superest
833 4577 941 4651 modo
959 4577 1004 4651 de
1023 4577 1108 4677 ipso,
1127 4577 1189 4650 nifi
1208 4589 1247 4650 ut
1264 4578 1457 4677 perimatur
1474 4578 1620 4677 quando
1637 4579 1757 4655 volo.’'

303 4697 410 4784 Quod
428 4698 614 4772 manifeste
636 4699 774 4771 factum
792 4698 922 4783 fuilfet,
943 4697 1005 4771 nifi
1023 4697 1178 4797 optimus
1198 4696 1300 4772 Dens
1318 4699 1504 4799 piissimum
1524 4699 1758 4775 Eduuardum

300 4819 426 4892 melius
447 4818 614 4892 salvando
643 4817 839 4917 adjuvisset.
894 4818 980 4892 Post·
999 4817 1075 4891 dies
1102 4817 1209 4917 igitur
1236 4843 1372 4917 paucos
1397 4820 1536 4894 fastum
1564 4820 1616 4896 eu
1641 4833 1681 4895 ut
1709 4821 1756 4896 ab

301 4939 497 5015 admiraldo
515 4939 637 5014 doloso
692 4994 1583 5015 ...............

762 5088 960 5160 'numum
1070 5088 1104 5112 ·’
1120 5089 1295 5160 negaram?
