4716 6428
320 718 420 794 ΑΙ).
453 717 558 794 1268.
675 713 992 791 CHRONICA
1026 713 1102 790 DE
1136 714 1425 790 MAILROS.
1699 726 1772 794 205
1892 653 1896 662 Ι

270 972 272 981 =
370 932 484 1034 Cujus
498 931 586 1006 alter
603 955 667 1029 pes
680 954 753 1002 non
765 927 973 1027 relinquitur
990 926 1061 1002 fine
1075 926 1209 1024 honore
1227 929 1399 1013 miraculi,
1413 942 1452 1002 ut
1465 930 1523 1028 pie
1537 929 1770 1007 estimandum

317 1054 378 1128 est.
433 1052 505 1127 Hic
527 1076 591 1150 pes
614 1049 762 1123 mittitur
789 1048 938 1149 principi
964 1046 1197 1137 Wallenfium
1216 1046 1410 1147 LewylinO,
1434 1051 1495 1149 qui
1518 1049 1621 1125 sedus
1645 1051 1769 1125 inierat

316 1199 397 1248 cum
415 1173 572 1256 Simone,
586 1196 659 1270 quo
677 1170 724 1244 ad
736 1169 850 1243 multa
864 1193 1007 1269 queque
1025 1169 1200 1267 suspecta,
1218 1194 1289 1269 que
1300 1182 1461 1268 pretereo
1480 1182 1622 1269 propter
1639 1170 1769 1245 malam

316 1294 412 1394 vulgi
430 1292 672 1391 suspicionem.
711 1289 796 1365 Non
811 1289 905 1364 enim
924 1299 1000 1364 erat
1017 1288 1140 1363 Simon
1158 1288 1229 1364 fine
1248 1291 1453 1390 suspicione,
1465 1292 1526 1392 qui
1546 1303 1622 1393 tota
1634 1292 1770 1392 regalia

317 1412 450 1514 Anglie
467 1424 554 1486 tunc
571 1411 740 1513 temporis
758 1410 884 1484 habuit
900 1434 1037 1510 regere,
1056 1434 1137 1484 cum
1154 1435 1240 1510 rege
1265 1411 1382 1485 secum
1401 1411 1493 1511 juste
1512 1413 1669 1498 detento,
1688 1436 1769 1487 cum

314 1531 457 1608 confilio
474 1531 661 1606 baronum.
710 1531 833 1605 Simon
852 1529 1061 1629 igiturquia
1080 1531 1286 1628 promiserat
1305 1530 1509 1629 Lewylinoh
1525 1532 1634 1607 filiam
1658 1534 1768 1619 suam,

314 1679 422 1754 quam
440 1653 563 1752 postea
577 1652 727 1750 accepit,
746 1652 782 1724 in
797 1650 1000 1751 conjugem,
1014 1661 1053 1724 ut
1067 1649 1203 1723 dietum
1221 1650 1283 1735 efi,
1301 1652 1434 1751 recepit
1448 1652 1598 1728 alterurn
1615 1652 1768 1728 Simonis

313 1772 443 1874 pedem
467 1773 561 1847 idem
582 1772 765 1870 Leulynus
783 1768 829 1843 ad
851 1770 886 1844 se
904 1769 1116 1844 destinatum
1139 1771 1175 1843 in
1196 1770 1356 1845 odiosum
1377 1784 1620 1871 contemptum
1645 1775 1767 1849 utrius-

314 1919 397 1995 que,
415 1893 546 1968 scilicet
564 1893 616 1965 sui
634 1903 744 1990 atque
766 1890 931 1975 Simonis,
951 1901 990 1963 ut
1007 1915 1052 1964 ex
1070 1889 1225 1964 missione
1243 1890 1336 1966 illius
1353 1890 1454 1992 pedis
1472 1891 1567 1967 idem
1584 1894 1657 1993 ipse
1675 1895 1767 1994 prin·

314 2040 399 2114 ceps
416 2013 560 2088 sentiret
577 2014 612 2086 se
631 2011 746 2111 magis
764 2011 908 2084 exosum
927 2009 1067 2111 Anglis,
1085 2022 1228 2110 propter
1244 2011 1373 2110 pedem
1396 2012 1561 2088 Simonis.

365 2135 423 2209 De
449 2158 558 2208 manu
584 2157 729 2233 quoque
752 2130 917 2215 Simonis,
942 2131 1043 2230 cujus
1068 2131 1225 2229 superius
1247 2133 1455 2206 memoriam
1481 2134 1562 2219 feci,
1585 2146 1702 2208 utrum
1727 2134 1768 2208 fit

314 2256 484 2329 veraciter
502 2254 562 2327 illa
580 2278 707 2327 manus
725 2277 771 2325 an
790 2251 901 2326 altera
918 2275 1045 2325 manus
1058 2251 1135 2349 ejus
1149 2251 1194 2325 de
1212 2277 1285 2351 qua
1301 2253 1434 2327 nullam
1452 2255 1669 2329 mentionem
1685 2254 1768 2338 ieci,

312 2376 446 2460 nescio;
472 2384 740 2474 verumptamen
758 2371 934 2446 referente
958 2369 1044 2444 mihi
1070 2371 1143 2443 viro
1169 2372 1369 2447 venerande
1390 2374 1597 2460 sandtitatis,
1623 2373 1767 2449 domino

315 2494 458 2570 Thoma
479 2493 524 2568 de
547 2491 750 2592 Stangrise,¹
775 2490 1030 2566 monachorum
1050 2488 1320 2565 Rievallenfium
1343 2492 1488 2579 abbate,
1512 2495 1647 2593 accepi,
1671 2494 1768 2596 quod

311 2641 383 2690 una
409 2640 536 2689 manus
558 2613 712 2688 Simonis
736 2611 832 2710 apud
855 2609 1060 2685 Eusamiam
1084 2612 1276 2685 collocatur
1302 2613 1337 2686 in
1362 2613 1442 2687 loco
1468 2614 1600 2713 magn'e
1621 2639 1768 2690 venera·

310 2736 425 2809 tionis
482 2735 563 2820 Que
587 2758 660 2806 non
684 2733 734 2806 est
760 2731 886 2806 relicta
903 2758 925 2805 a
945 2731 1039 2816 Deo,
1059 2742 1096 2804 ut
1119 2732 1177 2829 pie
1199 2733 1415 2807 credendum
1433 2735 1503 2819 est,
1514 2733 1585 2808 fine
1608 2735 1768 2810 miraculi

311 2855 546 2939 exhibitione3
569 2878 641 2927 non
660 2853 754 2927 enim
771 2850 819 2925 fic
831 2851 1000 2951 justificat
1015 2850 1117 2926 Deus
1131 2876 1238 2925 unam
1256 2865 1393 2952 partem
1410 2852 1563 2954 hominis
1576 2881 1642 2955 per
1655 2855 1767 2930 osten·

310 2975 441 3051 fiunem
467 2973 677 3048 miraculose
695 2972 942 3057 venerationis,
961 2984 1001 3045 ut
1019 2971 1241 3072 derelinquat
1264 2974 1413 3048 alteram
1438 2985 1576 3074 partem
1597 2976 1674 3077 ejus
1693 2976 1767 3052 abs·

310 3122 382 3196 que
403 3095 588 3170 miraculo.
642 3092 691 3167 Et
715 3092 796 3168 ideo
815 3092 958 3166 omnino
976 3091 1193 3166 credendum
1211 3092 1273 3178 est,
1292 3104 1331 3167 ut
1351 3119 1441 3180 reor,
1459 3093 1556 3195 quod
1574 3120 1637 3196 pro
1656 3096 1767 3171 altera

310 3241 418 3290 manu
436 3227 473 3290 et
489 3240 554 3315 pro
568 3215 681 3289 altero
694 3213 787 3315 pede
805 3213 970 3297 Simonis,
985 3210 1031 3287 de
1049 3211 1179 3312 quibus
1191 3213 1325 3287 nullam
1342 3215 1446 3314 supra
1463 3215 1532 3289 seci
1551 3215 1767 3290 mentionem
1849 3210 1854 3222 ’

311 3334 431 3436 quoad
456 3334 616 3409 miraculi
635 3333 908 3418 exhibitionem,
927 3333 1153 3433 omnipotens
1172 3333 1277 3407 Deus
1300 3333 1372 3407 duo
1395 3335 1566 3410 miracula
1583 3333 1639 3408 rel
1657 3336 1764 3409 etiam

312 3457 424 3555 plura,
443 3466 547 3556 prout
565 3453 642 3554 ejus
660 3454 833 3528 divinitati
851 3453 1045 3553 placuerat,
1064 3453 1201 3553 operari
1220 3453 1467 3554 dignatusest.

366 3575 488 3651 Simon
514 3575 621 3676 igitur
644 3575 730 3674 quia
753 3573 906 3649 creditur
931 3572 1098 3673 placuisse
1124 3574 1257 3648 summe
1281 3572 1466 3660 divinitati,
1491 3574 1589 3650 redte
1607 3599 1765 3675 compar-

311 3695 425 3771 andus
449 3696 500 3771 est
522 3695 670 3796 principi
698 3695 935 3794 apostolorum
957 3694 1093 3768 Simoni
1114 3693 1231 3768 Petro.
1287 3692 1392 3769 Unde
1414 3694 1558 3770 obsecro
1581 3694 1765 3781 lestorem,

311 3830 350 3893 ut
367 3817 392 3892 fi
410 3818 446 3891 in
464 3816 730 3915 comparatione
748 3841 820 3915 qua
838 3839 1005 3914 comparo
1023 3814 1205 3889 Simonem
1223 3814 1370 3900 Simoni,
1389 3815 1523 3916 aliquid
1540 3817 1656 3891 minus
1674 3815 1766 3891 bene

310 3937 460 4038 pofitum
478 3937 663 4022 invenerit,
679 3936 833 4037 corrigat
849 3934 947 4035 quod
960 3933 1102 4009 devium
1120 3935 1182 4020 est,
1196 3935 1399 4036 tribuatque
1413 3937 1553 4011 veniam
1570 3935 1766 4037 desipienti,

310 4085 381 4135 non
405 4059 500 4135 enim
526 4056 573 4132 fic
597 4082 766 4158 comparo
790 4057 993 4130 inferiorem
1015 4056 1196 4131 Simonem
1221 4057 1346 4156 majori
1368 4055 1505 4131 Simoni
1529 4068 1567 4131 ut
1590 4058 1766 4159 preseram

310 4179 408 4255 illum
425 4179 482 4254 vel
501 4179 658 4278 aliquem
680 4178 862 4252 Simonem
879 4176 925 4251 de
942 4177 1075 4252 mundo
1094 4177 1241 4276 principi
1260 4177 1513 4278 apostolorum,
1539 4177 1599 4254 sed
1617 4178 1702 4254 dum
1719 4178 1766 4253 ad

310 4301 518 4376 memoriam
544 4297 677 4374 reduco
701 4298 799 4398 quod
821 4297 945 4373 Simon
971 4298 1114 4372 inferior
1132 4309 1207 4372 erat
1230 4296 1380 4373 fideliter
1403 4296 1448 4372 de
1466 4298 1536 4373 tide
1562 4299 1765 4399 apostolica,

312 4419 567 4496 exhibitionem
584 4420 689 4495 unius
705 4419 865 4494 miraculi
890 4418 1056 4494 divinitus
1074 4431 1216 4520 propter
1240 4419 1351 4517 ipsum
1374 4420 1510 4494 ranam
1527 4444 1694 4520 comparo
1715 4421 1765 4492 ni-

357 4672 371 4703 ¹
386 4671 512 4734 melin,
527 4690 576 4726 aon
588 4671 620 4727 os
627 4671 728 4736 Griffin,
741 4672 834 4727 Priuae
844 4671 876 4726 os
883 4672 983 4735 Walaa,
999 4671 1109 4726 married
1124 4671 1233 4726 Aliauor
1245 4671 1278 4726 de
1294 4671 1430 4735 Montsort,
1445 4672 1571 4742 daughtet
1584 4671 1616 4726 os
1626 4672 1716 4726 Simon
1728 4672 1763 4725 de

312 4755 450 4810 Montsort.
484 4757 555 4810 Far.
569 4757 588 4811 l.
601 4762 662 4812 ⁵49.
774 4757 780 4788 ¹
798 4758 842 4810 No
854 4758 935 4811 abbot
944 4755 976 4810 os
984 4756 1030 4810 the
1043 4774 1119 4810 name
1131 4754 1163 4809 os
1173 4755 1300 4826 Stangrise
1312 4757 1334 4810 ia
1346 4756 1429 4810 sound
1440 4757 1467 4810 in
1477 4756 1523 4810 the
1535 4756 1579 4810 liat
1591 4757 1617 4809 in
1627 4756 1765 4827 Bagdaler

307 4843 356 4895 but
368 4840 388 4894 it
400 4857 511 4912 appears
523 4840 583 4895 that
596 4841 714 4896 Thomas
728 4839 868 4913 (probably
879 4840 926 4895 the
938 4839 1083 4894 individual
1095 4839 1122 4893 in
1135 4839 1271 4910 question)
1284 4840 1419 4911 proseued
1435 4840 1579 4895 obediam
1596 4857 1626 4894 aa
1642 4841 1723 4895 abbot
1735 4839 1769 4894 os

309 4924 420 4989 Rievall
434 4928 528 4981 saon.
544 4924 607 4980 reu.
624 4929 701 4981 ΙΝ.
740 4925 856 4980 Moaaat.
873 4924 970 4996 Angla'c,
986 4941 1011 4978 r.
1025 4926 1087 4982 277.
