<?xml version="1.0" encoding="UTF-8"?>
<!DOCTYPE html PUBLIC "-//W3C//DTD XHTML 1.0 Transitional//EN"
    "http://www.w3.org/TR/xhtml1/DTD/xhtml1-transitional.dtd">
<html xmlns="http://www.w3.org/1999/xhtml" xml:lang="en" lang="en">
 <head>
  <title>
</title>
<meta http-equiv="Content-Type" content="text/html;charset=utf-8" />
  <meta name='ocr-system' content='tesseract 3.04.00' />
  <meta name='ocr-capabilities' content='ocr_page ocr_carea ocr_par ocr_line ocrx_word'/>
</head>
<body>
  <div class='ocr_page' id='page_1' title='image "./chronicademailr00stevgoog_0058.png"; bbox 0 0 4716 6428; ppageno 0'>
   <div class='ocr_carea' id='block_1_1' title="bbox 297 701 1745 783">
    <p class='ocr_par' dir='ltr' id='par_1_1' title="bbox 297 701 1745 783">
     <span class='ocr_line' id='line_1_1' title="bbox 297 701 1745 783; baseline 0.003 -4"><span class='ocrx_word' id='word_1_1' title='bbox 297 704 394 781; x_wconf 85' lang='grc' dir='ltr'><strong>Α.1).</strong></span> <span class='ocrx_word' id='word_1_2' title='bbox 414 709 500 777; x_wconf 84' lang='grc'><strong>883.</strong></span> <span class='ocrx_word' id='word_1_3' title='bbox 648 701 962 778; x_wconf 86' lang='lat' dir='ltr'><strong>CHRONICA</strong></span> <span class='ocrx_word' id='word_1_4' title='bbox 996 703 1072 778; x_wconf 89' lang='lat' dir='ltr'>DE</span> <span class='ocrx_word' id='word_1_5' title='bbox 1110 703 1396 780; x_wconf 84' lang='lat' dir='ltr'>MAlLROS.</span> <span class='ocrx_word' id='word_1_6' title='bbox 1697 718 1745 783; x_wconf 74' lang='lat'>23</span> 
     </span>
    </p>
   </div>
   <div class='ocr_carea' id='block_1_2' title="bbox 284 909 1744 3171">
    <p class='ocr_par' dir='ltr' id='par_1_2' title="bbox 288 909 1744 1107">
     <span class='ocr_line' id='line_1_2' title="bbox 339 909 1744 1012; baseline 0.003 -25"><span class='ocrx_word' id='word_1_7' title='bbox 339 912 445 987; x_wconf 89' lang='lat' dir='ltr'>Tunc</span> <span class='ocrx_word' id='word_1_8' title='bbox 463 909 656 985; x_wconf 87' lang='lat' dir='ltr'>instaurata</span> <span class='ocrx_word' id='word_1_9' title='bbox 673 910 724 985; x_wconf 91' lang='lat' dir='ltr'>est</span> <span class='ocrx_word' id='word_1_10' title='bbox 750 912 850 986; x_wconf 90' lang='lat' dir='ltr'>sedes</span> <span class='ocrx_word' id='word_1_11' title='bbox 875 913 911 986; x_wconf 94' lang='lat' dir='ltr'>in</span> <span class='ocrx_word' id='word_1_12' title='bbox 933 911 1188 986; x_wconf 85' lang='lat' dir='ltr'>Cuncacestreh</span> <span class='ocrx_word' id='word_1_13' title='bbox 1202 939 1283 1011; x_wconf 86' lang='lat' dir='ltr'>quae</span> <span class='ocrx_word' id='word_1_14' title='bbox 1301 913 1397 1012; x_wconf 89' lang='lat' dir='ltr'>prius</span> <span class='ocrx_word' id='word_1_15' title='bbox 1414 912 1530 986; x_wconf 91' lang='lat' dir='ltr'>suerat</span> <span class='ocrx_word' id='word_1_16' title='bbox 1553 914 1589 986; x_wconf 96' lang='lat' dir='ltr'>in</span> <span class='ocrx_word' id='word_1_17' title='bbox 1609 912 1744 991; x_wconf 92' lang='lat' dir='ltr'>Lindis·</span> 
     </span>
     <span class='ocr_line' id='line_1_3' title="bbox 288 1034 412 1107; baseline -0.008 0"><span class='ocrx_word' id='word_1_18' title='bbox 288 1034 412 1107; x_wconf 83' lang='lat' dir='ltr'>fornia.</span> 
     </span>
    </p>

    <p class='ocr_par' dir='ltr' id='par_1_3' title="bbox 285 1146 1744 1469">
     <span class='ocr_line' id='line_1_4' title="bbox 338 1146 1744 1253; baseline 0.001 -26"><span class='ocrx_word' id='word_1_19' title='bbox 338 1156 446 1228; x_wconf 84' lang='lat' dir='ltr'>Anno</span> <span class='ocrx_word' id='word_1_20' title='bbox 465 1152 726 1251; x_wconf 77' lang='lat' dir='ltr'>occuliiiiiiiiij.i</span> <span class='ocrx_word' id='word_1_21' title='bbox 745 1151 907 1227; x_wconf 85' lang='lat' dir='ltr'>Marinus</span> <span class='ocrx_word' id='word_1_22' title='bbox 925 1178 1020 1252; x_wconf 91' lang='lat' dir='ltr'>papa</span> <span class='ocrx_word' id='word_1_23' title='bbox 1037 1153 1133 1226; x_wconf 90' lang='lat' dir='ltr'>dona</span> <span class='ocrx_word' id='word_1_24' title='bbox 1150 1154 1262 1226; x_wconf 90' lang='lat' dir='ltr'>multa</span> <span class='ocrx_word' id='word_1_25' title='bbox 1280 1146 1370 1227; x_wconf 89' lang='lat' dir='ltr'>inter</span> <span class='ocrx_word' id='word_1_26' title='bbox 1387 1179 1468 1252; x_wconf 82' lang='lat' dir='ltr'>quae</span> <span class='ocrx_word' id='word_1_27' title='bbox 1480 1166 1516 1228; x_wconf 92' lang='lat' dir='ltr'>et</span> <span class='ocrx_word' id='word_1_28' title='bbox 1533 1155 1744 1253; x_wconf 78' lang='lat' dir='ltr'>particulam</span> 
     </span>
     <span class='ocr_line' id='line_1_5' title="bbox 287 1257 1744 1375; baseline 0.001 -27"><span class='ocrx_word' id='word_1_29' title='bbox 287 1275 371 1375; x_wconf 91' lang='lat' dir='ltr'>ligni</span> <span class='ocrx_word' id='word_1_30' title='bbox 390 1274 505 1347; x_wconf 89' lang='lat' dir='ltr'>crucis</span> <span class='ocrx_word' id='word_1_31' title='bbox 525 1272 684 1358; x_wconf 87' lang='lat' dir='ltr'>Domini,</span> <span class='ocrx_word' id='word_1_32' title='bbox 705 1257 886 1347; x_wconf 76' lang='lat' dir='ltr'>Alueredo</span> <span class='ocrx_word' id='word_1_33' title='bbox 910 1275 986 1374; x_wconf 91' lang='lat' dir='ltr'>regi</span> <span class='ocrx_word' id='word_1_34' title='bbox 1007 1273 1208 1373; x_wconf 83' lang='lat' dir='ltr'>Anglorum</span> <span class='ocrx_word' id='word_1_35' title='bbox 1230 1273 1331 1358; x_wconf 95' lang='lat' dir='ltr'>misit,</span> <span class='ocrx_word' id='word_1_36' title='bbox 1361 1286 1396 1347; x_wconf 92' lang='lat' dir='ltr'>et</span> <span class='ocrx_word' id='word_1_37' title='bbox 1424 1299 1488 1372; x_wconf 92' lang='lat' dir='ltr'>pro</span> <span class='ocrx_word' id='word_1_38' title='bbox 1517 1275 1594 1371; x_wconf 89' lang='lat' dir='ltr'>ejus</span> <span class='ocrx_word' id='word_1_39' title='bbox 1623 1301 1744 1350; x_wconf 88' lang='lat' dir='ltr'>amore</span> 
     </span>
     <span class='ocr_line' id='line_1_6' title="bbox 285 1392 1358 1469; baseline -0.002 -1"><span class='ocrx_word' id='word_1_40' title='bbox 285 1395 416 1469; x_wconf 89' lang='lat' dir='ltr'>scolam</span> <span class='ocrx_word' id='word_1_41' title='bbox 437 1395 621 1468; x_wconf 77' lang='lat' dir='ltr'>Saxonum</span> <span class='ocrx_word' id='word_1_42' title='bbox 639 1392 685 1466; x_wconf 92' lang='lat' dir='ltr'>ab</span> <span class='ocrx_word' id='word_1_43' title='bbox 704 1394 800 1466; x_wconf 93' lang='lat' dir='ltr'>omni</span> <span class='ocrx_word' id='word_1_44' title='bbox 818 1393 950 1466; x_wconf 90' lang='lat' dir='ltr'>tributo</span> <span class='ocrx_word' id='word_1_45' title='bbox 969 1407 1005 1468; x_wconf 91' lang='lat' dir='ltr'>et</span> <span class='ocrx_word' id='word_1_46' title='bbox 1023 1393 1166 1467; x_wconf 91' lang='lat' dir='ltr'>thelone</span> <span class='ocrx_word' id='word_1_47' title='bbox 1184 1394 1358 1467; x_wconf 89' lang='lat' dir='ltr'>liberavit.</span> 
     </span>
    </p>

    <p class='ocr_par' dir='ltr' id='par_1_4' title="bbox 284 1512 1742 2310">
     <span class='ocr_line' id='line_1_7' title="bbox 336 1512 1742 1613; baseline 0.001 -25"><span class='ocrx_word' id='word_1_48' title='bbox 336 1514 444 1589; x_wconf 89' lang='lat' dir='ltr'>Aiino</span> <span class='ocrx_word' id='word_1_49' title='bbox 463 1513 683 1587; x_wconf 75' lang='lat' dir='ltr'>mccclxxxv.</span> <span class='ocrx_word' id='word_1_50' title='bbox 711 1512 934 1612; x_wconf 71' lang='lat' dir='ltr'>supradidlus</span> <span class='ocrx_word' id='word_1_51' title='bbox 951 1539 1174 1613; x_wconf 89' lang='lat' dir='ltr'>paganorum</span> <span class='ocrx_word' id='word_1_52' title='bbox 1192 1515 1367 1587; x_wconf 84' lang='lat' dir='ltr'>exercitus</span> <span class='ocrx_word' id='word_1_53' title='bbox 1385 1513 1513 1588; x_wconf 84' lang='lat' dir='ltr'>divisus</span> <span class='ocrx_word' id='word_1_54' title='bbox 1527 1515 1577 1589; x_wconf 87' lang='lat' dir='ltr'>est</span> <span class='ocrx_word' id='word_1_55' title='bbox 1603 1516 1742 1590; x_wconf 84' lang='lat' dir='ltr'>induas</span> 
     </span>
     <span class='ocr_line' id='line_1_8' title="bbox 285 1632 1742 1735; baseline 0 -26"><span class='ocrx_word' id='word_1_56' title='bbox 285 1647 414 1735; x_wconf 92' lang='lat' dir='ltr'>partes,</span> <span class='ocrx_word' id='word_1_57' title='bbox 433 1658 585 1732; x_wconf 91' lang='lat' dir='ltr'>quarum</span> <span class='ocrx_word' id='word_1_58' title='bbox 603 1659 675 1706; x_wconf 90' lang='lat' dir='ltr'>una</span> <span class='ocrx_word' id='word_1_59' title='bbox 698 1634 734 1707; x_wconf 94' lang='lat' dir='ltr'>in</span> <span class='ocrx_word' id='word_1_60' title='bbox 752 1634 961 1707; x_wconf 84' lang='lat' dir='ltr'>orientalem</span> <span class='ocrx_word' id='word_1_61' title='bbox 987 1632 1119 1708; x_wconf 88' lang='lat' dir='ltr'>secessit</span> <span class='ocrx_word' id='word_1_62' title='bbox 1139 1633 1340 1718; x_wconf 88' lang='lat' dir='ltr'>Franciam,</span> <span class='ocrx_word' id='word_1_63' title='bbox 1367 1635 1479 1708; x_wconf 90' lang='lat' dir='ltr'>altera</span> <span class='ocrx_word' id='word_1_64' title='bbox 1505 1636 1540 1708; x_wconf 92' lang='lat' dir='ltr'>iii</span> <span class='ocrx_word' id='word_1_65' title='bbox 1571 1635 1742 1735; x_wconf 85' lang='lat' dir='ltr'>Angliam</span> 
     </span>
     <span class='ocr_line' id='line_1_9' title="bbox 285 1752 1741 1856; baseline 0 -26"><span class='ocrx_word' id='word_1_66' title='bbox 285 1754 423 1830; x_wconf 89' lang='lat' dir='ltr'>rediens</span> <span class='ocrx_word' id='word_1_67' title='bbox 442 1752 728 1828; x_wconf 71' lang='lat' dir='ltr'>Rouecestriamk</span> <span class='ocrx_word' id='word_1_68' title='bbox 745 1753 894 1838; x_wconf 85' lang='lat' dir='ltr'>obsedit,</span> <span class='ocrx_word' id='word_1_69' title='bbox 906 1780 1014 1853; x_wconf 90' lang='lat' dir='ltr'>quam</span> <span class='ocrx_word' id='word_1_70' title='bbox 1033 1780 1094 1828; x_wconf 87' lang='lat' dir='ltr'>rex</span> <span class='ocrx_word' id='word_1_71' title='bbox 1114 1754 1315 1829; x_wconf 89' lang='lat' dir='ltr'>Alueredus</span> <span class='ocrx_word' id='word_1_72' title='bbox 1334 1754 1380 1828; x_wconf 92' lang='lat' dir='ltr'>ab</span> <span class='ocrx_word' id='word_1_73' title='bbox 1398 1754 1580 1830; x_wconf 89' lang='lat' dir='ltr'>obsidione</span> <span class='ocrx_word' id='word_1_74' title='bbox 1599 1756 1741 1856; x_wconf 85' lang='lat' dir='ltr'>dejecit.</span> 
     </span>
     <span class='ocr_line' id='line_1_10' title="bbox 285 1872 1741 1974; baseline 0 -25"><span class='ocrx_word' id='word_1_75' title='bbox 285 1874 381 1949; x_wconf 83' lang='lat' dir='ltr'>Misit</span> <span class='ocrx_word' id='word_1_76' title='bbox 398 1900 458 1950; x_wconf 86' lang='lat' dir='ltr'>reri</span> <span class='ocrx_word' id='word_1_77' title='bbox 480 1873 681 1948; x_wconf 89' lang='lat' dir='ltr'>Alueredus</span> <span class='ocrx_word' id='word_1_78' title='bbox 707 1874 870 1947; x_wconf 92' lang='lat' dir='ltr'>navalem</span> <span class='ocrx_word' id='word_1_79' title='bbox 888 1875 1082 1947; x_wconf 87' lang='lat' dir='ltr'>exercitum</span> <span class='ocrx_word' id='word_1_80' title='bbox 1108 1873 1154 1946; x_wconf 92' lang='lat' dir='ltr'>ad</span> <span class='ocrx_word' id='word_1_81' title='bbox 1172 1872 1412 1948; x_wconf 83' lang='lat' dir='ltr'>defensionem</span> <span class='ocrx_word' id='word_1_82' title='bbox 1445 1873 1650 1974; x_wconf 87' lang='lat' dir='ltr'>Estangliao,</span> <span class='ocrx_word' id='word_1_83' title='bbox 1681 1876 1741 1949; x_wconf 92' lang='lat' dir='ltr'>ubi</span> 
     </span>
     <span class='ocr_line' id='line_1_11' title="bbox 284 1993 1741 2094; baseline 0 -25"><span class='ocrx_word' id='word_1_84' title='bbox 284 2020 392 2070; x_wconf 87' lang='lat' dir='ltr'>naves</span> <span class='ocrx_word' id='word_1_85' title='bbox 409 1995 579 2094; x_wconf 68' lang='lat' dir='ltr'>piraticae</span> <span class='ocrx_word' id='word_1_86' title='bbox 596 1994 666 2093; x_wconf 86' lang='lat' dir='ltr'>xvj.</span> <span class='ocrx_word' id='word_1_87' title='bbox 686 1995 838 2068; x_wconf 82' lang='lat' dir='ltr'>inirentae</span> <span class='ocrx_word' id='word_1_88' title='bbox 856 1995 934 2067; x_wconf 91' lang='lat' dir='ltr'>sunt</span> <span class='ocrx_word' id='word_1_89' title='bbox 952 2005 988 2068; x_wconf 92' lang='lat' dir='ltr'>et</span> <span class='ocrx_word' id='word_1_90' title='bbox 1006 1994 1268 2092; x_wconf 88' lang='lat' dir='ltr'>comprehensae</span> <span class='ocrx_word' id='word_1_91' title='bbox 1299 1995 1335 2066; x_wconf 94' lang='lat' dir='ltr'>in</span> <span class='ocrx_word' id='word_1_92' title='bbox 1367 1993 1620 2067; x_wconf 87' lang='lat' dir='ltr'>Sturemutha.l</span> <span class='ocrx_word' id='word_1_93' title='bbox 1672 1995 1741 2069; x_wconf 89' lang='lat' dir='ltr'>Re·</span> 
     </span>
     <span class='ocr_line' id='line_1_12' title="bbox 285 2114 1739 2215; baseline 0 -26"><span class='ocrx_word' id='word_1_94' title='bbox 285 2116 434 2191; x_wconf 88' lang='lat' dir='ltr'>deuntes</span> <span class='ocrx_word' id='word_1_95' title='bbox 451 2140 534 2189; x_wconf 90' lang='lat' dir='ltr'>vero</span> <span class='ocrx_word' id='word_1_96' title='bbox 552 2139 684 2213; x_wconf 86' lang='lat' dir='ltr'>magno</span> <span class='ocrx_word' id='word_1_97' title='bbox 703 2114 871 2188; x_wconf 83' lang='lat' dir='ltr'>exercitui</span> <span class='ocrx_word' id='word_1_98' title='bbox 885 2139 1108 2215; x_wconf 91' lang='lat' dir='ltr'>paganorum</span> <span class='ocrx_word' id='word_1_99' title='bbox 1122 2114 1322 2197; x_wconf 86' lang='lat' dir='ltr'>obviarunt,</span> <span class='ocrx_word' id='word_1_100' title='bbox 1337 2126 1373 2186; x_wconf 95' lang='lat' dir='ltr'>et</span> <span class='ocrx_word' id='word_1_101' title='bbox 1387 2138 1469 2187; x_wconf 90' lang='lat' dir='ltr'>cum</span> <span class='ocrx_word' id='word_1_102' title='bbox 1487 2114 1537 2188; x_wconf 91' lang='lat' dir='ltr'>eis</span> <span class='ocrx_word' id='word_1_103' title='bbox 1556 2114 1739 2215; x_wconf 80' lang='lat' dir='ltr'>congressi,</span> 
     </span>
     <span class='ocr_line' id='line_1_13' title="bbox 285 2236 503 2310; baseline 0.005 -3"><span class='ocrx_word' id='word_1_104' title='bbox 285 2236 503 2310; x_wconf 65' lang='lat' dir='ltr'>victitante</span> 
     </span>
    </p>

    <p class='ocr_par' dir='ltr' id='par_1_5' title="bbox 285 2353 1739 2693">
     <span class='ocr_line' id='line_1_14' title="bbox 334 2353 1738 2451; baseline -0.001 -22"><span class='ocrx_word' id='word_1_105' title='bbox 334 2354 475 2431; x_wconf 90' lang='lat' dir='ltr'>Eodem</span> <span class='ocrx_word' id='word_1_106' title='bbox 492 2380 584 2429; x_wconf 86' lang='lat' dir='ltr'>anno</span> <span class='ocrx_word' id='word_1_107' title='bbox 605 2354 760 2429; x_wconf 90' lang='lat' dir='ltr'>Karolus</span> <span class='ocrx_word' id='word_1_108' title='bbox 777 2379 838 2428; x_wconf 84' lang='lat' dir='ltr'>rex</span> <span class='ocrx_word' id='word_1_109' title='bbox 866 2353 1084 2427; x_wconf 87' lang='lat' dir='ltr'>Francorum</span> <span class='ocrx_word' id='word_1_110' title='bbox 1106 2354 1141 2427; x_wconf 95' lang='lat' dir='ltr'>in</span> <span class='ocrx_word' id='word_1_111' title='bbox 1160 2354 1348 2427; x_wconf 79' lang='lat' dir='ltr'>uenatione</span> <span class='ocrx_word' id='word_1_112' title='bbox 1371 2354 1445 2451; x_wconf 92' lang='lat' dir='ltr'>apri</span> <span class='ocrx_word' id='word_1_113' title='bbox 1465 2354 1630 2428; x_wconf 85' lang='lat' dir='ltr'>dentibus</span> <span class='ocrx_word' id='word_1_114' title='bbox 1647 2356 1738 2429; x_wconf 89' lang='lat' dir='ltr'>lace·</span> 
     </span>
     <span class='ocr_line' id='line_1_15' title="bbox 285 2473 1739 2575; baseline -0.001 -26"><span class='ocrx_word' id='word_1_115' title='bbox 285 2488 390 2560; x_wconf 89' lang='lat' dir='ltr'>ratur,</span> <span class='ocrx_word' id='word_1_116' title='bbox 409 2476 470 2575; x_wconf 92' lang='lat' dir='ltr'>qui</span> <span class='ocrx_word' id='word_1_117' title='bbox 497 2474 683 2550; x_wconf 91' lang='lat' dir='ltr'>Ludovico</span> <span class='ocrx_word' id='word_1_118' title='bbox 700 2475 799 2547; x_wconf 91' lang='lat' dir='ltr'>fratri</span> <span class='ocrx_word' id='word_1_119' title='bbox 817 2475 879 2547; x_wconf 93' lang='lat' dir='ltr'>suo</span> <span class='ocrx_word' id='word_1_120' title='bbox 906 2473 1128 2557; x_wconf 85' lang='lat' dir='ltr'>succederat3</span> <span class='ocrx_word' id='word_1_121' title='bbox 1156 2485 1232 2545; x_wconf 87' lang='lat' dir='ltr'>erat</span> <span class='ocrx_word' id='word_1_122' title='bbox 1258 2485 1379 2546; x_wconf 91' lang='lat' dir='ltr'>autem</span> <span class='ocrx_word' id='word_1_123' title='bbox 1400 2485 1501 2572; x_wconf 92' lang='lat' dir='ltr'>pater</span> <span class='ocrx_word' id='word_1_124' title='bbox 1524 2499 1647 2547; x_wconf 91' lang='lat' dir='ltr'>eorum</span> <span class='ocrx_word' id='word_1_125' title='bbox 1668 2474 1739 2547; x_wconf 93' lang='lat' dir='ltr'>Lu·</span> 
     </span>
     <span class='ocr_line' id='line_1_16' title="bbox 285 2591 1500 2693; baseline -0.004 -25"><span class='ocrx_word' id='word_1_126' title='bbox 285 2594 427 2670; x_wconf 80' lang='lat' dir='ltr'>doricus</span> <span class='ocrx_word' id='word_1_127' title='bbox 445 2596 553 2670; x_wconf 88' lang='lat' dir='ltr'>frater</span> <span class='ocrx_word' id='word_1_128' title='bbox 571 2594 593 2669; x_wconf 90' lang='lat' dir='ltr'>J</span> <span class='ocrx_word' id='word_1_129' title='bbox 596 2595 728 2668; x_wconf 86' lang='lat' dir='ltr'>udithae</span> <span class='ocrx_word' id='word_1_130' title='bbox 746 2594 878 2693; x_wconf 76' lang='lat' dir='ltr'>reginae</span> <span class='ocrx_word' id='word_1_131' title='bbox 897 2617 1006 2691; x_wconf 92' lang='lat' dir='ltr'>quam</span> <span class='ocrx_word' id='word_1_132' title='bbox 1024 2618 1084 2667; x_wconf 85' lang='lat' dir='ltr'>rex</span> <span class='ocrx_word' id='word_1_133' title='bbox 1104 2591 1303 2666; x_wconf 74' lang='lat' dir='ltr'>Allelwlfus</span> <span class='ocrx_word' id='word_1_134' title='bbox 1321 2593 1500 2666; x_wconf 85' lang='lat' dir='ltr'>duiierat.n</span> 
     </span>
    </p>

    <p class='ocr_par' dir='ltr' id='par_1_6' title="bbox 334 2714 739 2814">
     <span class='ocr_line' id='line_1_17' title="bbox 334 2714 739 2814; baseline -0.005 -25"><span class='ocrx_word' id='word_1_135' title='bbox 334 2715 434 2790; x_wconf 92' lang='lat' dir='ltr'>Obiit</span> <span class='ocrx_word' id='word_1_136' title='bbox 452 2714 616 2789; x_wconf 88' lang='lat' dir='ltr'>Marinus</span> <span class='ocrx_word' id='word_1_137' title='bbox 633 2740 739 2814; x_wconf 90' lang='lat' dir='ltr'>papa.</span> 
     </span>
    </p>

    <p class='ocr_par' dir='ltr' id='par_1_7' title="bbox 286 2832 1737 3171">
     <span class='ocr_line' id='line_1_18' title="bbox 334 2832 1737 2934; baseline 0 -25"><span class='ocrx_word' id='word_1_138' title='bbox 334 2837 439 2909; x_wconf 82' lang='lat' dir='ltr'>Anno</span> <span class='ocrx_word' id='word_1_139' title='bbox 459 2835 692 2933; x_wconf 78' lang='lat' dir='ltr'>nccelxxiivj.</span> <span class='ocrx_word' id='word_1_140' title='bbox 712 2858 934 2934; x_wconf 87' lang='lat' dir='ltr'>paganorum</span> <span class='ocrx_word' id='word_1_141' title='bbox 961 2833 1137 2907; x_wconf 86' lang='lat' dir='ltr'>exercitus</span> <span class='ocrx_word' id='word_1_142' title='bbox 1163 2833 1208 2907; x_wconf 93' lang='lat' dir='ltr'>de</span> <span class='ocrx_word' id='word_1_143' title='bbox 1236 2833 1398 2906; x_wconf 86' lang='lat' dir='ltr'>orientali</span> <span class='ocrx_word' id='word_1_144' title='bbox 1418 2832 1570 2907; x_wconf 86' lang='lat' dir='ltr'>Francia</span> <span class='ocrx_word' id='word_1_145' title='bbox 1591 2836 1627 2907; x_wconf 92' lang='lat' dir='ltr'>in</span> <span class='ocrx_word' id='word_1_146' title='bbox 1645 2837 1737 2909; x_wconf 89' lang='lat' dir='ltr'>occi-</span> 
     </span>
     <span class='ocr_line' id='line_1_19' title="bbox 286 2952 1737 3053; baseline -0.001 -23"><span class='ocrx_word' id='word_1_147' title='bbox 286 2956 460 3030; x_wconf 85' lang='lat' dir='ltr'>dentalem</span> <span class='ocrx_word' id='word_1_148' title='bbox 477 2955 593 3039; x_wconf 91' lang='lat' dir='ltr'>rediit,</span> <span class='ocrx_word' id='word_1_149' title='bbox 615 2967 651 3029; x_wconf 93' lang='lat' dir='ltr'>et</span> <span class='ocrx_word' id='word_1_150' title='bbox 677 2980 740 3053; x_wconf 92' lang='lat' dir='ltr'>per</span> <span class='ocrx_word' id='word_1_151' title='bbox 766 2954 897 3027; x_wconf 91' lang='lat' dir='ltr'>flumen</span> <span class='ocrx_word' id='word_1_152' title='bbox 933 2953 1128 3027; x_wconf 86' lang='lat' dir='ltr'>Secanum⁰</span> <span class='ocrx_word' id='word_1_153' title='bbox 1146 2954 1306 3052; x_wconf 89' lang='lat' dir='ltr'>pervenit</span> <span class='ocrx_word' id='word_1_154' title='bbox 1329 2952 1493 3039; x_wconf 83' lang='lat' dir='ltr'>Parisios,</span> <span class='ocrx_word' id='word_1_155' title='bbox 1511 2964 1547 3027; x_wconf 92' lang='lat' dir='ltr'>et</span> <span class='ocrx_word' id='word_1_156' title='bbox 1575 2953 1737 3029; x_wconf 88' lang='lat' dir='ltr'>obsidens</span> 
     </span>
     <span class='ocr_line' id='line_1_20' title="bbox 286 3074 1003 3171; baseline -0.001 -24"><span class='ocrx_word' id='word_1_157' title='bbox 286 3076 460 3151; x_wconf 85' lang='lat' dir='ltr'>civitatem</span> <span class='ocrx_word' id='word_1_158' title='bbox 478 3100 573 3149; x_wconf 86' lang='lat' dir='ltr'>anno</span> <span class='ocrx_word' id='word_1_159' title='bbox 591 3100 663 3148; x_wconf 90' lang='lat' dir='ltr'>uno</span> <span class='ocrx_word' id='word_1_160' title='bbox 681 3074 788 3147; x_wconf 91' lang='lat' dir='ltr'>nichil</span> <span class='ocrx_word' id='word_1_161' title='bbox 807 3074 1003 3171; x_wconf 89' lang='lat' dir='ltr'>praevaluit.</span> 
     </span>
    </p>
   </div>
   <div class='ocr_carea' id='block_1_3' title="bbox 286 3192 1826 4016">
    <p class='ocr_par' dir='ltr' id='par_1_8' title="bbox 286 3192 1737 3511">
     <span class='ocr_line' id='line_1_21' title="bbox 333 3192 1737 3295; baseline -0.001 -26"><span class='ocrx_word' id='word_1_162' title='bbox 333 3195 409 3271; x_wconf 86' lang='lat' dir='ltr'>Rex</span> <span class='ocrx_word' id='word_1_163' title='bbox 429 3195 631 3269; x_wconf 86' lang='lat' dir='ltr'>Alueredus</span> <span class='ocrx_word' id='word_1_164' title='bbox 652 3192 880 3267; x_wconf 89' lang='lat' dir='ltr'>Lundoniam</span> <span class='ocrx_word' id='word_1_165' title='bbox 897 3192 1060 3266; x_wconf 91' lang='lat' dir='ltr'>obsidens</span> <span class='ocrx_word' id='word_1_166' title='bbox 1086 3194 1192 3291; x_wconf 90' lang='lat' dir='ltr'>cepit,</span> <span class='ocrx_word' id='word_1_167' title='bbox 1219 3193 1443 3267; x_wconf 90' lang='lat' dir='ltr'>venientibus</span> <span class='ocrx_word' id='word_1_168' title='bbox 1461 3193 1507 3266; x_wconf 93' lang='lat' dir='ltr'>ad</span> <span class='ocrx_word' id='word_1_169' title='bbox 1534 3219 1617 3267; x_wconf 92' lang='lat' dir='ltr'>eum</span> <span class='ocrx_word' id='word_1_170' title='bbox 1637 3195 1737 3295; x_wconf 85' lang='lat' dir='ltr'>Ang-</span> 
     </span>
     <span class='ocr_line' id='line_1_22' title="bbox 286 3311 1736 3417; baseline -0.001 -29"><span class='ocrx_word' id='word_1_171' title='bbox 286 3317 326 3391; x_wconf 92' lang='lat' dir='ltr'>lis</span> <span class='ocrx_word' id='word_1_172' title='bbox 342 3328 377 3392; x_wconf 92' lang='lat' dir='ltr'>et</span> <span class='ocrx_word' id='word_1_173' title='bbox 394 3314 615 3417; x_wconf 88' lang='lat' dir='ltr'>fugientibus</span> <span class='ocrx_word' id='word_1_174' title='bbox 644 3313 767 3398; x_wconf 90' lang='lat' dir='ltr'>Dacis,</span> <span class='ocrx_word' id='word_1_175' title='bbox 794 3314 856 3412; x_wconf 92' lang='lat' dir='ltr'>qui</span> <span class='ocrx_word' id='word_1_176' title='bbox 884 3311 1091 3387; x_wconf 74' lang='lat' dir='ltr'>Eoelredor</span> <span class='ocrx_word' id='word_1_177' title='bbox 1119 3312 1337 3386; x_wconf 90' lang='lat' dir='ltr'>Merciorum</span> <span class='ocrx_word' id='word_1_178' title='bbox 1365 3313 1486 3385; x_wconf 87' lang='lat' dir='ltr'>comiti</span> <span class='ocrx_word' id='word_1_179' title='bbox 1504 3313 1736 3388; x_wconf 87' lang='lat' dir='ltr'>restauratam</span> 
     </span>
     <span class='ocr_line' id='line_1_23' title="bbox 287 3434 754 3511; baseline -0.002 -3"><span class='ocrx_word' id='word_1_180' title='bbox 287 3434 543 3511; x_wconf 90' lang='lat' dir='ltr'>commendavit</span> <span class='ocrx_word' id='word_1_181' title='bbox 560 3435 754 3509; x_wconf 89' lang='lat' dir='ltr'>civitatem.</span> 
     </span>
    </p>

    <p class='ocr_par' dir='ltr' id='par_1_9' title="bbox 286 3550 1826 4016">
     <span class='ocr_line' id='line_1_24' title="bbox 334 3550 1735 3655; baseline -0.002 -25"><span class='ocrx_word' id='word_1_182' title='bbox 334 3558 440 3631; x_wconf 88' lang='lat' dir='ltr'>Anno</span> <span class='ocrx_word' id='word_1_183' title='bbox 469 3555 715 3653; x_wconf 71' lang='lat' dir='ltr'>uccelxxxvij.</span> <span class='ocrx_word' id='word_1_184' title='bbox 739 3578 961 3655; x_wconf 87' lang='lat' dir='ltr'>paganorum</span> <span class='ocrx_word' id='word_1_185' title='bbox 993 3553 1179 3636; x_wconf 76' lang='lat' dir='ltr'>exercituS,</span> <span class='ocrx_word' id='word_1_186' title='bbox 1201 3550 1352 3625; x_wconf 90' lang='lat' dir='ltr'>Parisius</span> <span class='ocrx_word' id='word_1_187' title='bbox 1375 3550 1551 3636; x_wconf 90' lang='lat' dir='ltr'>deserens,</span> <span class='ocrx_word' id='word_1_188' title='bbox 1584 3551 1645 3625; x_wconf 89' lang='lat' dir='ltr'>ivit</span> <span class='ocrx_word' id='word_1_189' title='bbox 1673 3578 1735 3651; x_wconf 89' lang='lat' dir='ltr'>per</span> 
     </span>
     <span class='ocr_line' id='line_1_25' title="bbox 290 3671 1826 3779; baseline -0.004 -28"><span class='ocrx_word' id='word_1_190' title='bbox 290 3677 486 3751; x_wconf 78' lang='lat' dir='ltr'>Secanumi</span> <span class='ocrx_word' id='word_1_191' title='bbox 502 3676 612 3775; x_wconf 90' lang='lat' dir='ltr'>usque</span> <span class='ocrx_word' id='word_1_192' title='bbox 631 3674 676 3747; x_wconf 89' lang='lat' dir='ltr'>ad</span> <span class='ocrx_word' id='word_1_193' title='bbox 696 3673 875 3758; x_wconf 85' lang='lat' dir='ltr'>Marnam,</span> <span class='ocrx_word' id='word_1_194' title='bbox 894 3673 977 3747; x_wconf 92' lang='lat' dir='ltr'>inde</span> <span class='ocrx_word' id='word_1_195' title='bbox 995 3673 1041 3747; x_wconf 89' lang='lat' dir='ltr'>ad</span> <span class='ocrx_word' id='word_1_196' title='bbox 1062 3671 1211 3755; x_wconf 87' lang='lat' dir='ltr'>Caedzi,</span> <span class='ocrx_word' id='word_1_197' title='bbox 1229 3671 1290 3744; x_wconf 94' lang='lat' dir='ltr'>ubi</span> <span class='ocrx_word' id='word_1_198' title='bbox 1308 3696 1370 3779; x_wconf 78' lang='lat' dir='ltr'>per</span> <span class='ocrx_word' id='word_1_199' title='bbox 1389 3695 1521 3744; x_wconf 90' lang='lat' dir='ltr'>annum</span> <span class='ocrx_word' id='word_1_200' title='bbox 1539 3671 1735 3770; x_wconf 81' lang='lat' dir='ltr'>grassantes</span> <span class='ocrx_word' id='word_1_201' title='bbox 1822 3756 1826 3763; x_wconf 48' lang='grc'><strong>,</strong></span> 
     </span>
     <span class='ocr_line' id='line_1_26' title="bbox 287 3792 1734 3891; baseline -0.003 -24"><span class='ocrx_word' id='word_1_202' title='bbox 287 3794 407 3870; x_wconf 86' lang='lat' dir='ltr'>ostium</span> <span class='ocrx_word' id='word_1_203' title='bbox 434 3794 731 3870; x_wconf 63' lang='grc' dir='ltr'>11010101010000τ</span> <span class='ocrx_word' id='word_1_204' title='bbox 758 3794 987 3879; x_wconf 88' lang='lat' dir='ltr'>intraverunt,</span> <span class='ocrx_word' id='word_1_205' title='bbox 1018 3792 1139 3891; x_wconf 90' lang='lat' dir='ltr'>ibique</span> <span class='ocrx_word' id='word_1_206' title='bbox 1166 3816 1229 3890; x_wconf 90' lang='lat' dir='ltr'>per</span> <span class='ocrx_word' id='word_1_207' title='bbox 1257 3816 1390 3865; x_wconf 88' lang='lat' dir='ltr'>annum</span> <span class='ocrx_word' id='word_1_208' title='bbox 1418 3816 1551 3890; x_wconf 89' lang='lat' dir='ltr'>magno</span> <span class='ocrx_word' id='word_1_209' title='bbox 1580 3792 1734 3891; x_wconf 82' lang='lat' dir='ltr'>regionis</span> 
     </span>
     <span class='ocr_line' id='line_1_27' title="bbox 286 3914 689 4016; baseline 0 -29"><span class='ocrx_word' id='word_1_210' title='bbox 286 3914 437 4016; x_wconf 89' lang='lat' dir='ltr'>dampno</span> <span class='ocrx_word' id='word_1_211' title='bbox 454 3914 581 3989; x_wconf 86' lang='lat' dir='ltr'>morati</span> <span class='ocrx_word' id='word_1_212' title='bbox 599 3916 689 3989; x_wconf 93' lang='lat' dir='ltr'>sunt.</span> 
     </span>
    </p>
   </div>
   <div class='ocr_carea' id='block_1_4' title="bbox 282 4130 1737 5031">
    <p class='ocr_par' dir='ltr' id='par_1_10' title="bbox 282 4130 1737 5031">
     <span class='ocr_line' id='line_1_28' title="bbox 316 4130 1735 4196; baseline -0.002 -8"><span class='ocrx_word' id='word_1_213' title='bbox 316 4134 329 4165; x_wconf 59' lang='lat'><strong>³</strong></span> <span class='ocrx_word' id='word_1_214' title='bbox 344 4134 605 4196; x_wconf 82' lang='lat' dir='ltr'>Cliester-le-Street,</span> <span class='ocrx_word' id='word_1_215' title='bbox 620 4134 661 4187; x_wconf 84' lang='lat' dir='ltr'>six</span> <span class='ocrx_word' id='word_1_216' title='bbox 672 4133 746 4187; x_wconf 88' lang='lat' dir='ltr'>miles</span> <span class='ocrx_word' id='word_1_217' title='bbox 758 4141 788 4186; x_wconf 90' lang='lat' dir='ltr'>to</span> <span class='ocrx_word' id='word_1_218' title='bbox 800 4132 847 4187; x_wconf 84' lang='lat' dir='ltr'>the</span> <span class='ocrx_word' id='word_1_219' title='bbox 859 4132 939 4187; x_wconf 88' lang='lat' dir='ltr'>north</span> <span class='ocrx_word' id='word_1_220' title='bbox 951 4130 983 4186; x_wconf 90' lang='lat' dir='ltr'>os</span> <span class='ocrx_word' id='word_1_221' title='bbox 992 4131 1121 4186; x_wconf 86' lang='lat' dir='ltr'>Durham.</span> <span class='ocrx_word' id='word_1_222' title='bbox 1160 4134 1188 4184; x_wconf 89' lang='lat' dir='ltr'>S.</span> <span class='ocrx_word' id='word_1_223' title='bbox 1202 4133 1325 4184; x_wconf 82' lang='lat' dir='ltr'>Dunelni.</span> <span class='ocrx_word' id='word_1_224' title='bbox 1340 4131 1391 4185; x_wconf 92' lang='grc'><strong>001.</strong></span> <span class='ocrx_word' id='word_1_225' title='bbox 1409 4134 1467 4189; x_wconf 85' lang='grc'><strong>147.</strong></span> <span class='ocrx_word' id='word_1_226' title='bbox 1578 4130 1585 4160; x_wconf 93' lang='lat'>¹</span> <span class='ocrx_word' id='word_1_227' title='bbox 1601 4130 1661 4183; x_wconf 86' lang='lat' dir='ltr'>The</span> <span class='ocrx_word' id='word_1_228' title='bbox 1674 4133 1735 4185; x_wconf 74' lang='lat' dir='ltr'>Sex.</span> 
     </span>
     <span class='ocr_line' id='line_1_29' title="bbox 289 4213 1737 4291; baseline -0.005 -18"><span class='ocrx_word' id='word_1_229' title='bbox 289 4219 374 4273; x_wconf 79' lang='lat' dir='ltr'>Clron.</span> <span class='ocrx_word' id='word_1_230' title='bbox 387 4218 477 4291; x_wconf 82' lang='lat' dir='ltr'>places</span> <span class='ocrx_word' id='word_1_231' title='bbox 488 4217 542 4272; x_wconf 88' lang='lat' dir='ltr'>this</span> <span class='ocrx_word' id='word_1_232' title='bbox 554 4228 634 4271; x_wconf 88' lang='lat' dir='ltr'>event</span> <span class='ocrx_word' id='word_1_233' title='bbox 646 4236 663 4271; x_wconf 89' lang='lat' dir='ltr'>a</span> <span class='ocrx_word' id='word_1_234' title='bbox 673 4235 736 4289; x_wconf 82' lang='lat' dir='ltr'>year</span> <span class='ocrx_word' id='word_1_235' title='bbox 748 4235 844 4271; x_wconf 87' lang='lat' dir='ltr'>sooner</span> <span class='ocrx_word' id='word_1_236' title='bbox 854 4239 861 4277; x_wconf 85' lang='lat'><strong>;</strong></span> <span class='ocrx_word' id='word_1_237' title='bbox 875 4218 923 4270; x_wconf 90' lang='lat' dir='ltr'>but</span> <span class='ocrx_word' id='word_1_238' title='bbox 933 4218 1032 4269; x_wconf 76' lang='lat' dir='ltr'>anaeon</span> <span class='ocrx_word' id='word_1_239' title='bbox 1041 4215 1149 4269; x_wconf 88' lang='lat' dir='ltr'>informs</span> <span class='ocrx_word' id='word_1_240' title='bbox 1158 4233 1198 4277; x_wconf 88' lang='lat' dir='ltr'>us,</span> <span class='ocrx_word' id='word_1_241' title='bbox 1210 4215 1269 4267; x_wconf 84' lang='lat' dir='ltr'>that</span> <span class='ocrx_word' id='word_1_242' title='bbox 1278 4215 1298 4268; x_wconf 89' lang='lat' dir='ltr'>it</span> <span class='ocrx_word' id='word_1_243' title='bbox 1308 4214 1372 4268; x_wconf 91' lang='lat' dir='ltr'>took</span> <span class='ocrx_word' id='word_1_244' title='bbox 1382 4215 1457 4285; x_wconf 89' lang='lat' dir='ltr'>place</span> <span class='ocrx_word' id='word_1_245' title='bbox 1464 4213 1640 4285; x_wconf 84' lang='lat' dir='ltr'>immediately</span> <span class='ocrx_word' id='word_1_246' title='bbox 1649 4214 1737 4268; x_wconf 82' lang='lat' dir='ltr'>before</span> 
     </span>
     <span class='ocr_line' id='line_1_30' title="bbox 283 4297 1735 4371; baseline -0.001 -18"><span class='ocrx_word' id='word_1_247' title='bbox 283 4300 327 4355; x_wconf 87' lang='lat' dir='ltr'>the</span> <span class='ocrx_word' id='word_1_248' title='bbox 337 4302 417 4357; x_wconf 82' lang='lat' dir='ltr'>death</span> <span class='ocrx_word' id='word_1_249' title='bbox 430 4300 463 4356; x_wconf 92' lang='lat' dir='ltr'>os</span> <span class='ocrx_word' id='word_1_250' title='bbox 470 4301 517 4356; x_wconf 88' lang='lat' dir='ltr'>the</span> <span class='ocrx_word' id='word_1_251' title='bbox 528 4302 611 4371; x_wconf 87' lang='lat' dir='ltr'>Pope‚</span> <span class='ocrx_word' id='word_1_252' title='bbox 626 4300 713 4355; x_wconf 82' lang='lat' dir='ltr'>which</span> <span class='ocrx_word' id='word_1_253' title='bbox 727 4318 767 4354; x_wconf 86' lang='lat' dir='ltr'>we</span> <span class='ocrx_word' id='word_1_254' title='bbox 779 4301 859 4355; x_wconf 86' lang='lat' dir='ltr'>know</span> <span class='ocrx_word' id='word_1_255' title='bbox 872 4299 1013 4370; x_wconf 83' lang='lat' dir='ltr'>happened</span> <span class='ocrx_word' id='word_1_256' title='bbox 1025 4300 1052 4352; x_wconf 93' lang='lat' dir='ltr'>in</span> <span class='ocrx_word' id='word_1_257' title='bbox 1070 4303 1133 4352; x_wconf 71' lang='lat' dir='ltr'>aot.</span> <span class='ocrx_word' id='word_1_258' title='bbox 1173 4299 1234 4352; x_wconf 86' lang='lat' dir='ltr'>The</span> <span class='ocrx_word' id='word_1_259' title='bbox 1254 4298 1416 4368; x_wconf 79' lang='lat' dir='ltr'>chronology</span> <span class='ocrx_word' id='word_1_260' title='bbox 1428 4298 1450 4351; x_wconf 86' lang='lat' dir='ltr'>is</span> <span class='ocrx_word' id='word_1_261' title='bbox 1472 4297 1604 4351; x_wconf 85' lang='lat' dir='ltr'>therefore</span> <span class='ocrx_word' id='word_1_262' title='bbox 1626 4310 1735 4351; x_wconf 89' lang='lat' dir='ltr'>correct.</span> 
     </span>
     <span class='ocr_line' id='line_1_31' title="bbox 284 4381 1735 4453; baseline -0.002 -16"><span class='ocrx_word' id='word_1_263' title='bbox 284 4381 462 4439; x_wconf 64' lang='lat' dir='ltr'>*Rocliesteu</span> <span class='ocrx_word' id='word_1_264' title='bbox 562 4384 624 4437; x_wconf 83' lang='lat' dir='ltr'>&#39;At</span> <span class='ocrx_word' id='word_1_265' title='bbox 638 4383 773 4438; x_wconf 84' lang='lat' dir='ltr'>Harwich.</span> <span class='ocrx_word' id='word_1_266' title='bbox 883 4382 902 4406; x_wconf 85' lang='lat'>²¹¹</span> <span class='ocrx_word' id='word_1_267' title='bbox 917 4382 960 4436; x_wconf 87' lang='lat' dir='ltr'>He</span> <span class='ocrx_word' id='word_1_268' title='bbox 972 4383 1033 4437; x_wconf 87' lang='lat' dir='ltr'>died</span> <span class='ocrx_word' id='word_1_269' title='bbox 1045 4400 1117 4452; x_wconf 91' lang='lat' dir='ltr'>upon</span> <span class='ocrx_word' id='word_1_270' title='bbox 1131 4382 1177 4435; x_wconf 87' lang='lat' dir='ltr'>the</span> <span class='ocrx_word' id='word_1_271' title='bbox 1189 4382 1237 4435; x_wconf 87' lang='lat' dir='ltr'>6th</span> <span class='ocrx_word' id='word_1_272' title='bbox 1252 4383 1408 4442; x_wconf 87' lang='lat' dir='ltr'>December,</span> <span class='ocrx_word' id='word_1_273' title='bbox 1428 4385 1491 4434; x_wconf 76' lang='lat'>884.</span> <span class='ocrx_word' id='word_1_274' title='bbox 1536 4382 1627 4453; x_wconf 74' lang='lat' dir='ltr'>Velley,</span> <span class='ocrx_word' id='word_1_275' title='bbox 1641 4382 1658 4434; x_wconf 92' lang='grc'>1.</span> <span class='ocrx_word' id='word_1_276' title='bbox 1677 4386 1735 4435; x_wconf 86' lang='lat' dir='ltr'>iou.</span> 
     </span>
     <span class='ocr_line' id='line_1_32' title="bbox 284 4464 1737 4540; baseline -0.006 -17"><span class='ocrx_word' id='word_1_277' title='bbox 284 4464 435 4523; x_wconf 81' lang='lat' dir='ltr'>¹&#39;Scenote</span> <span class='ocrx_word' id='word_1_278' title='bbox 448 4469 465 4522; x_wconf 84' lang='lat'>¹.</span> <span class='ocrx_word' id='word_1_279' title='bbox 551 4468 564 4492; x_wconf 91' lang='lat'><strong>⁰</strong></span> <span class='ocrx_word' id='word_1_280' title='bbox 580 4476 598 4499; x_wconf 83' lang='lat'>‘⁸</span> <span class='ocrx_word' id='word_1_281' title='bbox 609 4469 660 4523; x_wconf 90' lang='lat' dir='ltr'>Per</span> <span class='ocrx_word' id='word_1_282' title='bbox 671 4468 770 4522; x_wconf 86' lang='lat' dir='ltr'>flumen</span> <span class='ocrx_word' id='word_1_283' title='bbox 785 4469 941 4540; x_wconf 84' lang='lat' dir='ltr'>Sequanae.”</span> <span class='ocrx_word' id='word_1_284' title='bbox 978 4469 1143 4521; x_wconf 66' lang='grc'><strong>0111000101.</strong></span> <span class='ocrx_word' id='word_1_285' title='bbox 1158 4466 1207 4520; x_wconf 93' lang='grc'><strong>001.</strong></span> <span class='ocrx_word' id='word_1_286' title='bbox 1226 4471 1284 4520; x_wconf 85' lang='grc'><strong>150.</strong></span> <span class='ocrx_word' id='word_1_287' title='bbox 1364 4464 1510 4519; x_wconf 75' lang='lat' dir='ltr'>l’AEthred</span> <span class='ocrx_word' id='word_1_288' title='bbox 1550 4467 1610 4518; x_wconf 75' lang='lat' dir='ltr'>Sax.</span> <span class='ocrx_word' id='word_1_289' title='bbox 1627 4465 1716 4518; x_wconf 79' lang='lat' dir='ltr'>Chron.</span> <span class='ocrx_word' id='word_1_290' title='bbox 1727 4487 1737 4523; x_wconf 84' lang='lat'>,-</span> 
     </span>
     <span class='ocr_line' id='line_1_33' title="bbox 285 4548 1737 4620; baseline -0.001 -18"><span class='ocrx_word' id='word_1_291' title='bbox 285 4550 440 4607; x_wconf 68' lang='grc' dir='ltr'><strong>01100ιὶ0.</strong></span> <span class='ocrx_word' id='word_1_292' title='bbox 455 4552 506 4606; x_wconf 95' lang='grc'><strong>001.</strong></span> <span class='ocrx_word' id='word_1_293' title='bbox 522 4555 601 4613; x_wconf 82' lang='grc'><strong>148.;</strong></span> <span class='ocrx_word' id='word_1_294' title='bbox 622 4552 776 4615; x_wconf 86' lang='lat' dir='ltr'>Etlielicdo,</span> <span class='ocrx_word' id='word_1_295' title='bbox 791 4552 842 4605; x_wconf 89' lang='lat' dir='ltr'>col.</span> <span class='ocrx_word' id='word_1_296' title='bbox 858 4555 918 4605; x_wconf 78' lang='grc'><strong>131.</strong></span> <span class='ocrx_word' id='word_1_297' title='bbox 1099 4550 1111 4582; x_wconf 67' lang='lat'>⁴</span> <span class='ocrx_word' id='word_1_298' title='bbox 1128 4551 1209 4603; x_wconf 82' lang='lat' dir='ltr'>“Per</span> <span class='ocrx_word' id='word_1_299' title='bbox 1229 4551 1379 4620; x_wconf 82' lang='lat' dir='ltr'>Sequanam</span> <span class='ocrx_word' id='word_1_300' title='bbox 1392 4567 1478 4619; x_wconf 89' lang='lat' dir='ltr'>usque</span> <span class='ocrx_word' id='word_1_301' title='bbox 1490 4549 1577 4603; x_wconf 86' lang='lat' dir='ltr'>locum</span> <span class='ocrx_word' id='word_1_302' title='bbox 1591 4549 1635 4619; x_wconf 88' lang='lat' dir='ltr'>qui</span> <span class='ocrx_word' id='word_1_303' title='bbox 1651 4548 1737 4601; x_wconf 84' lang='lat' dir='ltr'>Cuziei</span> 
     </span>
     <span class='ocr_line' id='line_1_34' title="bbox 285 4632 1737 4704; baseline -0.003 -16"><span class='ocrx_word' id='word_1_304' title='bbox 285 4632 398 4689; x_wconf 81' lang='lat' dir='ltr'>dicitiu.&#39;&#39;</span> <span class='ocrx_word' id='word_1_305' title='bbox 454 4638 481 4689; x_wconf 84' lang='lat' dir='ltr'>S.</span> <span class='ocrx_word' id='word_1_306' title='bbox 491 4637 612 4690; x_wconf 81' lang='lat' dir='ltr'>Dunelm.</span> <span class='ocrx_word' id='word_1_307' title='bbox 627 4636 678 4690; x_wconf 92' lang='grc'><strong>001.</strong></span> <span class='ocrx_word' id='word_1_308' title='bbox 694 4639 762 4696; x_wconf 79' lang='grc' dir='ltr'><strong>15ος</strong></span> <span class='ocrx_word' id='word_1_309' title='bbox 784 4644 801 4667; x_wconf 90' lang='grc'>“</span> <span class='ocrx_word' id='word_1_310' title='bbox 810 4636 884 4690; x_wconf 85' lang='lat' dir='ltr'>veuit</span> <span class='ocrx_word' id='word_1_311' title='bbox 896 4635 930 4689; x_wconf 85' lang='lat' dir='ltr'>ad</span> <span class='ocrx_word' id='word_1_312' title='bbox 945 4636 1047 4704; x_wconf 81' lang='lat' dir='ltr'>Sigene,</span> <span class='ocrx_word' id='word_1_313' title='bbox 1065 4634 1158 4688; x_wconf 88' lang='lat' dir='ltr'>deinde</span> <span class='ocrx_word' id='word_1_314' title='bbox 1172 4635 1206 4687; x_wconf 87' lang='lat' dir='ltr'>ad</span> <span class='ocrx_word' id='word_1_315' title='bbox 1218 4634 1334 4688; x_wconf 89' lang='lat' dir='ltr'>hostium</span> <span class='ocrx_word' id='word_1_316' title='bbox 1347 4633 1461 4685; x_wconf 88' lang='lat' dir='ltr'>fluminis</span> <span class='ocrx_word' id='word_1_317' title='bbox 1474 4633 1546 4703; x_wconf 91' lang='lat' dir='ltr'>quod</span> <span class='ocrx_word' id='word_1_318' title='bbox 1562 4632 1676 4685; x_wconf 79' lang='lat' dir='ltr'>Materte</span> <span class='ocrx_word' id='word_1_319' title='bbox 1689 4648 1737 4683; x_wconf 92' lang='lat' dir='ltr'>no-</span> 
     </span>
     <span class='ocr_line' id='line_1_35' title="bbox 286 4714 1737 4791; baseline -0.006 -18"><span class='ocrx_word' id='word_1_320' title='bbox 286 4717 401 4782; x_wconf 78' lang='lat' dir='ltr'>minatur,</span> <span class='ocrx_word' id='word_1_321' title='bbox 416 4718 512 4773; x_wconf 87' lang='lat' dir='ltr'>exhinc</span> <span class='ocrx_word' id='word_1_322' title='bbox 524 4719 558 4773; x_wconf 85' lang='lat' dir='ltr'>ad</span> <span class='ocrx_word' id='word_1_323' title='bbox 569 4718 657 4773; x_wconf 89' lang='lat' dir='ltr'>locum</span> <span class='ocrx_word' id='word_1_324' title='bbox 669 4720 714 4791; x_wconf 91' lang='lat' dir='ltr'>qui</span> <span class='ocrx_word' id='word_1_325' title='bbox 730 4719 876 4773; x_wconf 84' lang='lat' dir='ltr'>Cazendest</span> <span class='ocrx_word' id='word_1_326' title='bbox 889 4719 950 4772; x_wconf 82' lang='lat' dir='ltr'>villa</span> <span class='ocrx_word' id='word_1_327' title='bbox 961 4718 1030 4787; x_wconf 82' lang='lat' dir='ltr'>regia</span> <span class='ocrx_word' id='word_1_328' title='bbox 1043 4720 1246 4788; x_wconf 85' lang='lat' dir='ltr'>pervenerunt,”</span> <span class='ocrx_word' id='word_1_329' title='bbox 1260 4717 1310 4770; x_wconf 92' lang='lat' dir='ltr'>col.</span> <span class='ocrx_word' id='word_1_330' title='bbox 1327 4721 1387 4769; x_wconf 87' lang='grc'><strong>131.</strong></span> <span class='ocrx_word' id='word_1_331' title='bbox 1423 4716 1517 4770; x_wconf 84' lang='lat' dir='ltr'>Marne</span> <span class='ocrx_word' id='word_1_332' title='bbox 1526 4716 1548 4767; x_wconf 90' lang='lat' dir='ltr'>is</span> <span class='ocrx_word' id='word_1_333' title='bbox 1558 4714 1604 4767; x_wconf 91' lang='lat' dir='ltr'>the</span> <span class='ocrx_word' id='word_1_334' title='bbox 1614 4732 1691 4768; x_wconf 84' lang='lat' dir='ltr'>name</span> <span class='ocrx_word' id='word_1_335' title='bbox 1705 4714 1737 4766; x_wconf 92' lang='lat' dir='ltr'>of</span> 
     </span>
     <span class='ocr_line' id='line_1_36' title="bbox 285 4798 1735 4873; baseline -0.003 -20"><span class='ocrx_word' id='word_1_336' title='bbox 285 4801 374 4856; x_wconf 83' lang='lat' dir='ltr'>ariver</span> <span class='ocrx_word' id='word_1_337' title='bbox 385 4804 413 4856; x_wconf 93' lang='lat' dir='ltr'>in</span> <span class='ocrx_word' id='word_1_338' title='bbox 427 4803 536 4866; x_wconf 85' lang='lat' dir='ltr'>Prance,</span> <span class='ocrx_word' id='word_1_339' title='bbox 551 4802 604 4856; x_wconf 84' lang='lat' dir='ltr'>and</span> <span class='ocrx_word' id='word_1_340' title='bbox 618 4803 712 4857; x_wconf 83' lang='lat' dir='ltr'>Caedzi</span> <span class='ocrx_word' id='word_1_341' title='bbox 724 4803 746 4856; x_wconf 90' lang='lat' dir='ltr'>is</span> <span class='ocrx_word' id='word_1_342' title='bbox 759 4821 821 4856; x_wconf 92' lang='lat' dir='ltr'>now</span> <span class='ocrx_word' id='word_1_343' title='bbox 836 4803 938 4873; x_wconf 77' lang='lat' dir='ltr'>Chezy3</span> <span class='ocrx_word' id='word_1_344' title='bbox 953 4802 1062 4857; x_wconf 89' lang='lat' dir='ltr'>whence</span> <span class='ocrx_word' id='word_1_345' title='bbox 1076 4820 1116 4856; x_wconf 86' lang='lat' dir='ltr'>wo</span> <span class='ocrx_word' id='word_1_346' title='bbox 1129 4820 1189 4872; x_wconf 85' lang='lat' dir='ltr'>may</span> <span class='ocrx_word' id='word_1_347' title='bbox 1201 4802 1352 4871; x_wconf 86' lang='lat' dir='ltr'>conjecture</span> <span class='ocrx_word' id='word_1_348' title='bbox 1361 4800 1419 4854; x_wconf 86' lang='lat' dir='ltr'>that</span> <span class='ocrx_word' id='word_1_349' title='bbox 1429 4800 1475 4853; x_wconf 86' lang='lat' dir='ltr'>the</span> <span class='ocrx_word' id='word_1_350' title='bbox 1485 4800 1590 4867; x_wconf 80' lang='lat' dir='ltr'>reading</span> <span class='ocrx_word' id='word_1_351' title='bbox 1605 4808 1621 4828; x_wconf 77' lang='lat'>‘⁸</span> <span class='ocrx_word' id='word_1_352' title='bbox 1635 4798 1735 4851; x_wconf 88' lang='lat' dir='ltr'>Cazen·</span> 
     </span>
     <span class='ocr_line' id='line_1_37' title="bbox 285 4880 1737 4963; baseline -0.005 -24"><span class='ocrx_word' id='word_1_353' title='bbox 285 4883 433 4940; x_wconf 66' lang='grc'><strong>000001</strong></span> <span class='ocrx_word' id='word_1_354' title='bbox 446 4903 653 4941; x_wconf 76' lang='lat' dir='ltr'>erroneousone</span> <span class='ocrx_word' id='word_1_355' title='bbox 666 4887 706 4942; x_wconf 90' lang='lat' dir='ltr'>sor</span> <span class='ocrx_word' id='word_1_356' title='bbox 719 4887 1030 4963; x_wconf 60' lang='lat' dir='ltr'>“Gazettdesavillas&#39;</span> <span class='ocrx_word' id='word_1_357' title='bbox 1043 4897 1094 4942; x_wconf 88' lang='lat' dir='ltr'>etc.</span> <span class='ocrx_word' id='word_1_358' title='bbox 1215 4885 1224 4909; x_wconf 85' lang='lat'>¹</span> <span class='ocrx_word' id='word_1_359' title='bbox 1240 4885 1313 4949; x_wconf 86' lang='lat' dir='ltr'>Iona,</span> <span class='ocrx_word' id='word_1_360' title='bbox 1329 4886 1499 4947; x_wconf 61' lang='lat' dir='ltr'>Saactron,</span> <span class='ocrx_word' id='word_1_361' title='bbox 1514 4882 1671 4937; x_wconf 65' lang='grc'><strong>01100010.</strong></span> <span class='ocrx_word' id='word_1_362' title='bbox 1687 4880 1737 4937; x_wconf 91' lang='grc'><strong>001.</strong></span> 
     </span>
     <span class='ocr_line' id='line_1_38' title="bbox 282 4969 592 5031; baseline 0.013 -12"><span class='ocrx_word' id='word_1_363' title='bbox 282 4970 352 5031; x_wconf 50' lang='grc'><strong>1314</strong></span> <span class='ocrx_word' id='word_1_364' title='bbox 376 4969 516 5031; x_wconf 66' lang='grc'><strong>1000001.</strong></span> <span class='ocrx_word' id='word_1_365' title='bbox 533 4973 592 5023; x_wconf 82' lang='grc'><strong>150.</strong></span> 
     </span>
    </p>
   </div>
   <div class='ocr_carea' id='block_1_5' title="bbox 0 0 2362 6423">
    <p class='ocr_par' dir='ltr' id='par_1_11' title="bbox 0 0 2362 6423">
     <span class='ocr_line' id='line_1_39' title="bbox 0 0 2362 6423; baseline 0 0"><span class='ocrx_word' id='word_1_366' title='bbox 0 0 2362 6423; x_wconf 95' lang='lat' dir='ltr'> </span> 
     </span>
    </p>
   </div>
  </div>
 </body>
</html>
