4716 6428
479 757 552 823 234
1025 747 1353 823 APPENDIX.

517 962 603 1022 Circa
615 963 720 1022 festum
733 965 824 1023 sancti
838 964 943 1023 Jacobi
956 983 1007 1022 rex
1019 963 1126 1039 Anglie
1140 971 1170 1020 et
1183 982 1234 1020 rex
1249 964 1351 1023 Scocie
1364 984 1431 1023 cum
1444 964 1635 1022 excercitibua
1648 965 1708 1022 suia
1721 965 1884 1024 adinuicem
1898 985 1948 1024 oc-

475 1073 633 1132 currerunt,
647 1066 697 1122 ubi
711 1084 812 1141 pacem
826 1067 960 1123 intereos
973 1066 1154 1143 pepigerunt.
1182 1063 1236 1134 Ito,
1251 1074 1356 1134 tamem
1371 1065 1450 1142 quod
1462 1083 1514 1121 rex
1529 1064 1694 1123 Scottorum
1707 1067 1770 1142 regi
1785 1066 1949 1143 Anglorum

475 1167 546 1222 duas
560 1166 633 1224 tiliae
646 1186 712 1241 suap
725 1167 808 1224 dedit
821 1167 1004 1235 maritandas,
1019 1186 1086 1224 cum
1095 1168 1156 1225 xiii.
1170 1167 1285 1225 milibus
1297 1167 1444 1235 librarum,
1458 1174 1488 1224 et
1501 1167 1580 1243 cepit
1591 1165 1749 1226 licenceam
1762 1169 1948 1226 subuerteudi

476 1266 624 1324 castellum
638 1268 720 1343 quod
733 1276 862 1326 erectum
874 1268 930 1325 fuit
944 1276 1045 1326 contra
1054 1267 1192 1338 Berewic
1206 1268 1286 1345 quod
1299 1276 1329 1326 et
1341 1266 1450 1326 factum
1464 1274 1522 1333 est3
1536 1274 1566 1324 et
1575 1286 1629 1343 pro
1642 1287 1714 1344 pace
1727 1269 1852 1326 tenenda
1866 1269 1949 1326 dedit

476 1369 503 1422 ei
515 1367 637 1437 obsides,
651 1368 727 1425 tilios
740 1369 897 1444 proborum
909 1367 1059 1425 hominum
1072 1376 1148 1426 terre
1162 1388 1222 1439 cue,
1236 1376 1266 1426 et
1279 1367 1387 1427 factum
1401 1375 1445 1425 act
1458 1376 1559 1426 contra
1571 1368 1748 1427 uolentatem
1764 1368 1938 1429 Scottorum.

517 1469 603 1525 Anno
615 1469 725 1526 mclxii.
735 1487 786 1525 rex
801 1469 971 1526 Malcolmua
984 1469 1021 1526 de
1032 1469 1324 1547 maguajnfirmitate,
1339 1467 1405 1526 Deo
1419 1469 1580 1538 miserante„
1595 1470 1741 1527 conualuit
1756 1471 1833 1546 apud
1847 1469 1947 1528 Dane-

477 1578 578 1638 castre,
593 1578 622 1626 et
635 1570 718 1627 firma
730 1589 788 1646 pax
800 1572 875 1626 iuter
891 1569 1051 1628 Henricum
1064 1588 1162 1647 regem
1177 1572 1285 1649 Anglie
1299 1579 1329 1628 et
1342 1572 1416 1629 inter
1430 1569 1618 1628 Malcolmum
1630 1589 1728 1646 regem
1744 1570 1853 1629 Scocie.
1979 1579 2028 1634 fol.
2039 1585 2085 1644 53,
2096 1584 2121 1635 b.

518 1671 605 1728 Auno
621 1671 762 1728 mclxxiii.
779 1669 940 1727 Willelmua
950 1690 1001 1727 rex
1014 1670 1187 1741 Scottorum,
1198 1681 1299 1730 uetera
1307 1673 1433 1748 dampna
1440 1689 1518 1728 nouo
1528 1671 1665 1728 conflictu
1675 1673 1812 1729 resarcire
1820 1691 1947 1748 sperans,

475 1770 550 1828 bella
564 1773 689 1829 inmania
696 1790 747 1848 per
761 1772 880 1831 concilia
890 1773 989 1848 iniqua
1002 1781 1103 1831 contra
1112 1780 1268 1850 cognatum
1277 1791 1369 1842 suum,
1380 1773 1530 1831 dominum
1542 1772 1710 1840 Hemicum,
1720 1791 1819 1849 regem
1830 1774 1947 1848 Anglie‚

475 1875 628 1938 instaurat3
650 1881 679 1929 et
693 1892 759 1930 cum
778 1874 888 1947 ingenti
903 1874 1048 1931 excercitu
1061 1880 1155 1931 caetra
1167 1881 1290 1932 metatus
1304 1882 1347 1931 est
1360 1882 1426 1932 ante
1440 1882 1565 1932 castrum
1578 1876 1657 1951 quod
1673 1873 1760 1931 Werc
1774 1876 1947 1943 nominatur,

476 1984 506 2030 et
520 1971 653 2030 moram*
668 1973 874 2050 aliquantalum
894 1975 1002 2032 ibidem
1022 1975 1091 2032 fecit
1112 1992 1230 2044 moram,
1251 1974 1303 2032 aed
1324 1974 1413 2032 nichil
1433 1974 1498 2050 plus
1513 1974 1644 2051 profecit.
1686 1973 1836 2032 Profectus
1849 1983 1948 2032 autem

476 2076 543 2131 inde
556 2092 617 2142 rex,
632 2093 765 2151 magnam
779 2081 890 2150 partem
902 2074 1109 2132 Northumbrie
1125 2074 1216 2134 Scotti
1231 2075 1385 2133 crudeliter
1398 2077 1466 2153 igne
1480 2077 1705 2143 combusserunt,
1715 2084 1745 2133 et
1757 2076 1870 2151 plebem
1885 2077 1948 2133 eius

477 2175 611 2232 ferociter
624 2175 723 2251 gladio
737 2176 1050 2234 transuerberauerunt.
1091 2175 1163 2233 Inde
1182 2177 1219 2234 ad
1236 2175 1402 2252 Carlegium
1422 2177 1477 2233 iter
1496 2155 1651 2234 recuruant
1664 2183 1693 2233 et
1714 2177 1862 2233 ciuitatem
1876 2179 1947 2234 totis

476 2276 585 2332 uiribus
593 2283 777 2351 oppugnant;
791 2275 842 2332 sed
852 2274 1036 2334 excercitus*
1047 2277 1153 2352 Anglia
1162 2277 1296 2335 simulato
1306 2297 1324 2334 a
1333 2277 1505 2353 quibusdam
1514 2285 1542 2334 et
1552 2277 1715 2353 significato
1729 2278 1865 2345 aduentu,
1877 2277 1946 2353 fuge

475 2395 505 2432 ae
515 2376 654 2433 uelociter
667 2375 817 2433 dederunt.

518 2480 606 2534 Anno
620 2477 759 2534 mclxxiv.
774 2477 936 2534 Willelmus
948 2495 1001 2534 rex
1016 2476 1117 2536 Scocie
1130 2496 1227 2535 rursus
1241 2480 1416 2535 excercitum
1431 2478 1563 2535 Aluewic
1576 2479 1690 2546 direxit
1705 2478 1809 2535 multos
1823 2477 1945 2554 fugauit,

477 2578 582 2633 multos
595 2578 760 2651 prostrauit.

500 2677 606 2734 'Anno
627 2678 756 2736 mcxciii.
772 2676 934 2734 Willelmus
954 2696 1005 2735 rex
1027 2676 1192 2735 Scottorum
1212 2678 1271 2735 duo
1292 2679 1372 2738 milia
1391 2699 1501 2738 marcas
1522 2682 1634 2756 argenti
1655 2681 1692 2738 ad
1712 2681 1946 2755 redempcionem

479 2776 596 2834 Ricardi
610 2778 686 2852 regis
701 2777 808 2852 Anglie
822 2777 858 2834 de
874 2776 1064 2852 Rokeaburgh
1079 2779 1165 2836 misit.

1152 2967 1212 3007 *Sta
