4716 6428
372 723 441 800 194
717 709 1041 787 CHRONICA
1071 709 1150 794 DE
1186 709 1475 789 MAILROS.
1596 713 1697 791 A·.D.
1720 716 1832 795 1264.

322 997 329 1009 .
371 930 545 1006 indirecte
563 930 682 1004 versus
699 927 888 1003 australem
905 925 1128 1002 occidentem
1148 924 1281 1027 Anglie
1299 924 1375 1012 fito,
1394 950 1476 1000 cum
1494 927 1626 1002 comite
1642 928 1838 1010 Glovernie

373 1064 410 1126 et
434 1051 511 1126 aliis
535 1049 723 1125 comitibus
746 1049 882 1149 paucis,
901 1072 983 1122 cum
1006 1047 1137 1148 quibus
1160 1059 1262 1122 eraut
1285 1046 1438 1122 barones
1461 1049 1538 1122 sere
1560 1050 1670 1126 totius
1689 1050 1836 1155 Anglie,

374 1185 410 1249 et
430 1173 541 1248 incliti
558 1172 688 1246 milites
705 1169 968 1271 quamplurimi,
986 1194 1069 1243 cum
1092 1167 1312 1269 equestribus
1337 1169 1457 1244 multis
1481 1181 1518 1243 et
1540 1169 1762 1270 pedestribus
1784 1175 1836 1250 in·

372 1294 541 1379 numeris,
567 1293 658 1366 inter
684 1317 775 1391 quos
800 1302 902 1366 erant
926 1289 1028 1364 multi
1054 1288 1221 1364 balistarii
1248 1302 1287 1363 et
1311 1289 1555 1377 fundibularii,
1577 1292 1639 1393 qui
1664 1318 1835 1398 maguam

374 1413 615 1491 confusionem
638 1412 886 1487 inexercitum
910 1410 1016 1510 regis,
1034 1436 1079 1487 ex
1099 1409 1205 1510 jasen
1227 1410 1387 1510 lapidum
1410 1436 1509 1486 more
1532 1414 1678 1490 tonitrui
1701 1416 1739 1490 in
1755 1416 1837 1494 illos
1913 1482 1918 1490 .

376 1536 583 1611 irruentium
609 1560 630 1609 e
656 1531 864 1617 fundibulis,
880 1532 920 1621 in
943 1531 1003 1605 illo
1021 1531 1080 1605 die
1105 1543 1332 1632 peregerunt.
1387 1531 1484 1608 Inter
1501 1559 1667 1633 proceres
1689 1563 1836 1638 quoque

374 1658 532 1758 prefatos
550 1667 627 1730 erat
651 1653 766 1755 presul
786 1652 1018 1753 wyrgonies
1048 1651 1107 1726 hic
1129 1651 1253 1751 postea
1271 1653 1307 1726 in
1326 1653 1471 1728 exilium
1497 1654 1602 1730 astus
1619 1656 1688 1742 est,
1706 1683 1772 1757 pro
1789 1684 1835 1733 eo

304 1769 305 1774 ¹
374 1777 473 1880 quod
498 1801 615 1852 rerum
632 1773 885 1876 episcopalium
906 1771 1066 1847 ordinem
1090 1785 1307 1872 pervertens,
1330 1774 1505 1873 presulem
1522 1777 1621 1851 exuit
1645 1779 1834 1877 pacificum

375 1911 412 1974 et
428 1899 577 1974 militem
591 1896 704 1971 induit
717 1895 940 1995 belligerum,
955 1893 1041 1968 dum
1058 1892 1219 1994 gladium
1237 1920 1301 1994 pro
1320 1894 1449 1970 baculo
1467 1896 1660 1996 pontificali
1677 1898 1834 2000 gestaret

374 2023 412 2095 in
429 2022 552 2106 latere,
572 2031 608 2095 et
625 2017 769 2119 galeam
786 2041 850 2117 pro
867 2016 971 2090 mitra
988 2015 1025 2090 in
1044 2015 1173 2115 capite.
1227 2014 1394 2091 Exeunte
1411 2043 1499 2118 ergo
1516 2043 1603 2120 rege
1620 2018 1667 2093 ad
1683 2017 1834 2121 prelium

376 2154 501 2219 contra
526 2140 690 2223 barones,
717 2137 930 2212 robustiores
946 2136 1009 2237 qui
1031 2136 1068 2210 iu
1085 2136 1244 2212 exercitu
1262 2137 1340 2237 ejus
1358 2150 1472 2224 erant,
1490 2137 1652 2215 videntes
1668 2139 1835 2218 vexillula

375 2289 447 2366 que
476 2261 613 2363 predixi
640 2259 798 2360 undique
828 2259 923 2333 circa
950 2282 1090 2332 eurmm
1116 2257 1322 2357 pendentia,
1348 2283 1562 2360 prepropere
1591 2260 1761 2338 festinant
1789 2264 1861 2337 ad'

375 2410 528 2461 currum.
581 2380 664 2456 Jam
682 2381 777 2456 enim
794 2377 1026 2454 condixerant
1045 2377 1314 2454 Londonienses
1338 2380 1510 2456 exercitui
1536 2382 1644 2483 regiS,
1662 2382 1761 2484 quod
1781 2383 1835 2462 si-

374 2531 458 2580 mon
476 2528 586 2604 quem
603 2501 787 2602 elegerant
803 2499 867 2575 sibi
884 2499 1014 2575 ducem
1031 2498 1079 2574 ad
1102 2497 1248 2587 bellum,
1267 2513 1343 2575 erat
1369 2501 1406 2576 iu
1428 2526 1545 2588 curru,
1565 2516 1588 2549 ‘⁶
1602 2504 1703 2605 qui,’'
1722 2505 1836 2606 inqui·

377 2638 453 2710 unt,
470 2622 584 2723 “post
599 2646 665 2697 nos
681 2621 862 2721 proposuit
878 2618 1077 2695 remansisse
1095 2646 1141 2695 ne
1159 2621 1271 2696 exiret
1289 2620 1474 2697 nobiscum
1487 2622 1534 2705 ad
1546 2622 1753 2700 bellandum
1770 2651 1836 2726 pro

376 2744 491 2829 nobis,
508 2742 596 2818 ficut
612 2743 819 2844 promiserat
844 2740 964 2827 uobis;
994 2765 1104 2841 quem
1128 2765 1211 2816 cum
1227 2741 1377 2841 proinde
1400 2744 1537 2844 ingenti
1555 2745 1749 2844 suspicione
1771 2744 1836 2821 ba·

376 2866 554 2951 heremus,
580 2863 666 2937 dum
694 2861 872 2937 fimularet
904 2862 940 2935 se
970 2861 1159 2947 infirmum,
1185 2874 1222 2937 et
1251 2863 1472 2962 inpotentem
1497 2864 1549 2939 ad·
1570 2863 1834 2943 ascendendum

377 3011 523 3088 equum,
546 2984 833 3086 pertimescentes
855 3007 901 3058 ne
928 2981 1094 3087 proderet
1117 3008 1184 3058 nos
1206 2984 1283 3085 regi
1309 3010 1444 3085 genero
1466 2985 1541 3070 suo,
1563 2985 1709 3061 veniens
1731 2988 1836 3088 super

376 3134 442 3184 nos
456 3132 538 3182 cum
551 3106 709 3182 exercitu
726 3104 805 3205 post
817 3116 971 3205 tergum,
985 3104 1081 3179 hunc
1093 3128 1236 3179 currum
1249 3104 1564 3206 inexpugnabilem
1580 3105 1673 3182 forte
1689 3120 1834 3208 propter

375 3230 540 3305 fraudem
557 3229 635 3328 ejus
651 3227 801 3301 fecimus
815 3224 863 3299 ad
880 3249 970 3325 opus
984 3225 1061 3326 ejus
1079 3223 1258 3314 fabricari,
1271 3238 1311 3301 ut
1327 3225 1354 3302 fi
1370 3252 1437 3302 nos
1453 3226 1650 3305 debeamus
1665 3229 1780 3329 perire
1797 3230 1835 3306 iu

376 3351 483 3436 bello,
501 3348 602 3425 simul
619 3359 655 3423 et
672 3347 745 3447 ipse
763 3345 894 3421 debeat
912 3347 1026 3447 perire
1043 3345 1245 3440 uobiscum3
1268 3347 1446 3448 supposito
1470 3349 1567 3451 prius
1589 3349 1674 3452 igne
1692 3351 1834 3452 copioso

377 3472 493 3547 currui
509 3472 546 3544 in
564 3494 637 3570 quo
654 3479 788 3554 manet,
806 3471 846 3542 ut
862 3466 1095 3543 succendatur
1113 3492 1158 3542 ex
1175 3470 1257 3542 e0.”
1282 3467 1288 3477 '
1313 3467 1454 3556 Quibus
1474 3466 1592 3546 verbis
1609 3470 1835 3547 animosiores

377 3592 497 3667 effesti
513 3591 564 3666 hii
581 3589 644 3690 qui
661 3615 707 3664 ex
723 3600 824 3689 parte
842 3589 938 3689 regis
955 3599 1068 3674 eraut,
1086 3613 1178 3689 quos
1194 3589 1298 3688 supra
1315 3589 1529 3666 robustiores
1546 3593 1739 3680 nominavi,
1756 3618 1835 3693 pro·

376 3724 502 3813 perant
529 3711 575 3785 ad
600 3736 663 3785 vas
688 3711 724 3785 in
750 3734 822 3809 quo
848 3721 975 3810 putant
1002 3709 1071 3784 effe
1099 3708 1295 3785 Simonem.
1351 3710 1415 3786 Set
1441 3712 1528 3787 dum
1553 3738 1616 3788 vas
1641 3713 1835 3790 dolositatis
1959 3730 1964 3738 ⁴

377 3843 586 3934 expugnant
611 3830 803 3916 fortiffime,
824 3829 911 3904 dum
936 3830 1046 3905 nichil
1070 3830 1258 3930 proficiunt
1285 3832 1322 3906 in
1348 3832 1602 3935 expugnando,
1628 3847 1702 3909 tam
1729 3836 1834 3911 armis

378 3978 487 4052 quam
504 3951 630 4026 animis
643 3950 824 4027 deficiunt.
862 3948 997 4026 Currus
1015 3963 1136 4026 autem
1154 3951 1214 4028 ille
1231 3953 1383 4028 multum
1402 3952 1538 4054 adjuvit
1552 3951 1831 4030 Londonienses.

379 4072 478 4148 Nam
493 4071 578 4144 dum
595 4072 689 4146 circa
707 4071 784 4172 ejus
802 4072 1079 4157 enervationem,
1092 4083 1133 4146 ut
1149 4074 1384 4175 frangeretur,
1394 4073 1738 4174 vehementiffi[mi]s
1754 4073 1833 4148 nifi-

376 4194 444 4266 bus
467 4192 585 4291 plures
611 4191 656 4266 de
682 4191 841 4268 exercitu
865 4192 960 4292 regis
985 4191 1200 4280 laborarent,
1227 4195 1300 4269 vita
1325 4196 1618 4296 perplurimorum
1643 4180 1734 4294 quos
1759 4193 1833 4270 dixi

380 4312 647 4388 Londonienses
664 4312 725 4413 qui
748 4337 860 4415 prope
883 4322 920 4387 et
943 4312 1052 4414 longe
1074 4312 1215 4389 stabant
1233 4342 1255 4391 a
1273 4313 1605 4391 curru'salvabatur.
1657 4312 1834 4390 Nondum

378 4436 659 4510 enimvenerant
682 4433 834 4509 barones
856 4432 1016 4520 adium,
1040 4445 1077 4510 et
1102 4433 1185 4510 ideo
1209 4436 1244 4510 in
1268 4460 1369 4512 mora
1391 4435 1653 4539 expectationis
1679 4435 1834 4523 illorum,

378 4557 463 4632 dum
488 4581 551 4630 vas
581 4554 755 4657 perfidum
786 4567 1022 4656 expugnatur,
1051 4556 1256 4658 perplurimi
1283 4583 1328 4634 cx
1355 4555 1664 4635 Londonicufibus
1689 4559 1834 4634 minime

376 4687 635 4780 pugnaverunt.
689 4674 796 4751 Unde
813 4676 1082 4776 superveniente
1106 4679 1263 4754 exercitu
1289 4679 1463 4755 baronum
1481 4681 1528 4756 ad
1546 4678 1625 4756 illos
1641 4677 1721 4781 post
1737 4702 1834 4756 exer·

377 4800 485 4875 citum
499 4798 593 4899 regis
606 4797 652 4873 ad
666 4810 819 4899 tergum,
833 4822 966 4901 magna
983 4823 1066 4900 pars
1081 4798 1381 4878 Londonienfium
1394 4802 1456 4902 qui
1469 4803 1547 4902 regi
1560 4813 1662 4878 erant
1674 4800 1710 4877 iu
1727 4799 1833 4886 facie,

947 4954 958 4978 ‘
980 4953 1031 5010 See
1045 4956 1142 5020 Trioet,
1156 4973 1184 5026 p.
1195 4959 1257 5011 218.
1319 4966 1325 4981 '
