4716 6428
340 683 438 759 Aa).
471 689 578 757 1215.
685 682 1005 760 CHRONICA
1041 687 1113 761 DE
1151 688 1446 767 MAILROS.
1726 708 1797 785 119

611 898 777 972 Formam
794 901 894 998 pacis
911 926 1063 975 renuens
1080 902 1163 975 inde
1181 928 1242 975 rex
1260 904 1409 989 recessit,

613 1018 686 1092 Sed
704 1019 852 1093 coaetus
870 1021 1094 1118 postmodum
1112 1024 1231 1096 omnia
1250 1025 1437 1111 concessit3

610 1137 658 1211 Et
676 1152 714 1212 ut
732 1164 858 1213 manus
876 1141 1027 1214 militum
1046 1155 1150 1216 caute
1169 1144 1375 1230 declinaret,

609 1258 790 1358 Quicquid
809 1259 893 1334 essct
911 1262 1081 1359 placitum
1099 1263 1253 1360 promisit
1272 1276 1310 1337 ut
1328 1266 1492 1339 servaret.

610 1378 727 1452 Omne
749 1379 916 1479 [igitur]*
935 1382 1082 1480 pastum
1100 1384 1230 1480 pariter
1248 1385 1284 1456 in
1302 1386 1467 1484 scriptum
1485 1387 1710 1474 reduxerunt,

608 1497 657 1571 Et
674 1498 824 1599 sigillum
843 1502 981 1600 regium
1000 1504 1129 1601 apponi
1148 1504 1343 1601 pecierunt,

608 1618 680 1704 Qui
699 1620 907 1718 promittens
924 1622 1064 1719 placide
1084 1622 1179 1695 diem
1197 1625 1433 1723 prolongavit,

606 1738 654 1812 Et
673 1752 711 1812 ut
730 1740 776 1812 ad
797 1740 975 1814 Orroniam
993 1743 1164 1827 venirent,
1183 1743 1368 1816 intimarit.

605 1858 696 1944 Rex,
714 1860 874 1933 collectis
892 1861 1033 1946 viribus,
1053 1862 1099 1934 ad
1118 1862 1211 1935 diem
1231 1890 1338 1961 qnem
1356 1865 1504 1962 praefixit

605 1980 751 2077 Venit,†
770 1981 830 2054 sed
848 1982 1003 2056 articulis
1020 1983 1118 2081 pacis
1136 1984 1380 2068 contradixit3.

607 2100 836 2174 Recesserunt
854 2101 961 2200 igitur
978 2127 1111 2202 magno
1131 2128 1211 2175 eum
1230 2129 1389 2187 rancore,

604 2218 711 2293 Error
729 2220 776 2294 fic
793 2221 962 2319 posterior
980 2223 1080 2321 pejor
1097 2223 1135 2295 lit
1154 2224 1280 2320 priore.

383 2458 459 2532 Rex
486 2460 592 2559 igitur
616 2462 757 2533 interim
783 2461 829 2533 ad
854 2486 984 2534 novum
1010 2462 1162 2534 nocendi
1189 2488 1303 2561 genus
1327 2466 1362 2536 sc
1387 2466 1575 2551 convertit3
1611 2466 1789 2540 consilium

330 2579 421 2653 enim
446 2579 569 2653 habuit
593 2582 712 2654 nescio
731 2581 832 2679 cnjus
852 2579 1081 2680 Aclritophcl,
1102 2593 1269 2655 attotam
1291 2582 1491 2683 Anglornm
1515 2588 1723 2686 progeniem
1745 2588 1790 2662 ab

332 2700 463 2799 Anglia
480 2700 640 2774 funditus
654 2701 851 2774 eradicaret
870 2713 904 2773 et
924 2700 1082 2776 barbaris
1101 2703 1303 2776 nationibus
1321 2715 1451 2777 terram
1467 2706 1600 2806 Anglie
1618 2720 1790 2806 perpetuo

330 2820 567 2918 poslidendam
582 2821 741 2895 donaret.
780 2820 857 2893 Rex
876 2833 995 2895 tamen
1014 2848 1140 2923 regum
1159 2835 1193 2896 et
1210 2823 1386 2899 Dominus
1405 2827 1674 2914 dominantium,
1690 2830 1790 2927 cujus

330 2940 508 3015 decretum
526 2966 710 3040 nunquam
728 2942 858 3040 poterit
875 2942 1054 3027 infirmari,
1074 2944 1175 3016 aliter
1193 2944 1266 3017 sieri
1285 2946 1549 3043 praeordinarit3

503 3183 599 3257 Satis
617 3182 711 3255 enim
728 3182 997 3256 misericorditer
1015 3184 1223 3256 innocentes
1240 3184 1413 3269 liberarit,

499 3302 581 3376 Nec
599 3303 715 3376 minus
732 3303 937 3376 mirabiliter
957 3303 1136 3377 consilinm
1158 3302 1374 3402 Aclritoplrel
1393 3304 1580 3402 ‹liffipavia

327 3543 410 3617 dum
427 3569 583 3642 namque
602 3556 764 3642 exparte
783 3542 888 3642 ipsius
906 3544 999 3642 regis
1014 3543 1159 3642 quidam
1178 3570 1222 3616 ex
1240 3545 1308 3617 suis
1325 3542 1523 3617 fautoribus
1537 3543 1785 3617 transmarinis.

330 3662 438 3763 Hugo
453 3664 571 3739 dictus
589 3664 634 3737 de
651 3663 783 3748 Boues,
798 3663 1068 3737 inestimabilem
1086 3664 1228 3737 narium
1246 3664 1508 3737 multitudinem
1527 3662 1784 3763 congregasset,

326 3796 362 3857 et
379 3809 440 3859 eas
457 3786 565 3859 etiam
584 3784 629 3858 ad
648 3786 822 3858 summum
841 3786 950 3882 usque
972 3785 1197 3857 multitudine
1221 3785 1492 3881 malignantium
1512 3783 1684 3883 replesl'et,
1703 3809 1785 3857 eon·

326 3904 404 4003 tigit
424 3917 460 3978 ut
480 3906 553 4004 ipsc
573 3904 696 4005 Hng0,
715 3904 911 3977 cumomni
930 3904 989 3977 illa
1008 3904 1145 3978 clasliea
1163 3905 1399 3988 multitmline,
1415 3905 1460 4002 ij.
1480 3904 1652 3978 kalendas
1673 3903 1784 3978 oao-

327 4022 395 4098 bris
416 4024 520 4124 [Sep.
540 4024 605 4123 26]
638 4025 756 4097 versus
776 4024 946 4123 Angliam
964 4025 1043 4097 vela
1062 4026 1174 4098 ventis
1199 4026 1402 4124 explicaret.
1458 4024 1505 4098 Et
1529 4051 1614 4098 ecce
1638 4025 1784 4099 clevatis

326 4143 371 4217 ad
397 4145 583 4244 imperinm
610 4145 732 4217 summi
755 4143 866 4242 Regis
893 4145 1036 4217 marinis
1062 4145 1241 4229 firrdibus,
1268 4157 1341 4217 tam
1366 4146 1438 4243 ipse
1459 4144 1570 4241 Hugo
1597 4145 1668 4217 dux
1695 4146 1783 4218 tanti

327 4264 474 4349 sceleris,
489 4291 598 4363 qnam
612 4264 720 4338 ceteri
739 4264 896 4338 scelerati
915 4264 1028 4337 subito
1043 4265 1206 4338 submersi
1226 4268 1304 4338 srurt
1318 4264 1416 4363 quasi
1429 4266 1613 4363 plumbum
1632 4267 1667 4339 in
1682 4267 1783 4365 aquis

326 4384 605 4471 vehementibus,
623 4386 673 4457 ita
692 4397 729 4458 ut
748 4411 791 4457 ex
810 4386 905 4458 omni
923 4386 983 4458 illa
1001 4386 1226 4459 multitudine
1246 4387 1389 4459 navium
1410 4387 1507 4459 nulla
1525 4389 1665 4484 penitus
1684 4399 1782 4485 opta-

326 4515 399 4576 tum
420 4505 502 4581 litus
520 4506 704 4590 inveniret,
724 4504 782 4578 sed
801 4517 874 4578 tam
900 4518 1028 4579 nautas
1046 4532 1155 4605 qnam
1180 4532 1289 4579 nares
1307 4519 1342 4579 et
1362 4519 1498 4580 ceteros
1517 4509 1782 4579 transfretantes

325 4625 429 4699 maris
448 4626 543 4699 nnda
560 4626 695 4699 seviens
714 4625 817 4699 arido
835 4626 977 4725 gurgite
996 4627 1194 4726 deglutivit,
1219 4628 1376 4724 exeeptis
1394 4626 1606 4725 paucillimis
1625 4626 1684 4723 qui
1705 4626 1778 4723 poll

325 4742 495 4819 diutinam
513 4747 774 4847 fatigationem,
793 4747 1025 4845 procellarum
1045 4747 1153 4820 etiam
1172 4758 1207 4818 ct
1225 4760 1409 4819 rentornrn
1434 4746 1704 4825 infestationem,
1723 4745 1779 4816 vix

371 4920 390 4959 ¹*
406 4919 502 4975 Added
514 4922 599 4975 abore
611 4922 658 4976 tlre
670 4922 723 4975 linc
736 4923 770 4991 by
783 4940 799 4975 a
810 4921 876 4975 later
890 4921 969 4975 lrand.
1103 4924 1117 4987 †
1133 4920 1163 4973 In
1176 4920 1222 4973 tlre
1236 4921 1342 4988 margin,
1359 4930 1377 4952 ⁴‘
1391 4921 1442 4989 xiij.
1457 4920 1581 4973 kalenda
1599 4919 1735 4987 rlrrgusti.''
