4716 6428
354 732 422 811 178
700 719 1020 799 CHRONICA
1053 718 1129 795 DE
1163 716 1456 797 MAILROS.
1571 718 1671 796 A.D.
1694 722 1807 805 1249.

350 969 393 1017 ex
411 944 480 1017 hac
496 943 577 1017 luce
594 941 739 1041 eripitur
756 952 793 1015 et
810 965 891 1016 cum
904 939 1035 1016 sanclis
1053 930 1228 1026 omnibus,
1246 950 1286 1014 ut
1299 938 1486 1025 credimus,
1498 937 1583 1014 celis
1596 938 1805 1015 collocatur.

353 1064 493 1163 Corpus
510 1088 593 1138 vero
611 1063 700 1162 ejus,
714 1073 754 1136 ut
769 1062 843 1162 ipse
861 1060 1087 1135 adhucdum
1100 1060 1346 1159 imperaverat,
1358 1060 1405 1135 ad
1419 1057 1672 1134 Melrosensem
1690 1060 1805 1135 eccle-

349 1183 434 1259 sram
451 1184 717 1284 transportatur,
735 1194 771 1258 et
788 1182 824 1256 in
842 1206 886 1257 ea
903 1206 1001 1256 more
1018 1181 1118 1282 regio
1135 1192 1227 1256 terre
1240 1180 1377 1283 gremio
1394 1179 1675 1255 commendatur.
1729 1180 1805 1255 An·

350 1332 397 1379 no
421 1305 528 1405 igitur
551 1305 655 1379 etatis
680 1303 742 1379 sue
764 1304 801 1402 lj.
827 1315 863 1377 et
888 1302 989 1404 regni
1006 1303 1058 1377 sui
1081 1327 1198 1388 xxxa,
1220 1302 1290 1401 viij.
1317 1301 1398 1376 idus
1420 1300 1507 1376 Julii
1536 1299 1625 1401 [Jul.
1640 1299 1697 1401 8],
1714 1301 1807 1376 seria

351 1426 487 1526 quinta,
505 1450 549 1501 ex
566 1425 635 1500 hac
650 1424 732 1498 luce
749 1423 930 1525 migravit3
955 1435 992 1498 et
1009 1447 1159 1521 regnum
1175 1423 1277 1497 suum
1292 1421 1499 1499 Alexandro
1515 1421 1589 1496 silio
1605 1423 1680 1508 suo,
1693 1447 1808 1522 puero

349 1548 425 1622 fere
443 1547 527 1622 octo
554 1570 737 1631 annorum,
763 1544 968 1645 dereliquit3
994 1544 1055 1643 qui
1081 1543 1197 1644 patrio
1216 1567 1315 1617 more
1337 1542 1387 1642 iij.
1413 1542 1494 1617 idus
1515 1540 1601 1618 Julii
1630 1540 1718 1643 [Jul.
1741 1542 1804 1643 13]

352 1694 374 1741 a
391 1667 619 1768 magnatibus
636 1691 697 1741 rex
719 1664 939 1751 constitutus,
957 1665 993 1739 in
1011 1675 1160 1764 paterno
1184 1663 1269 1739 solio
1286 1663 1493 1749 collocatur,
1510 1674 1547 1736 et
1568 1674 1608 1737 ut
1624 1663 1808 1764 legitimus

351 1788 453 1863 heres
471 1786 517 1863 ab
535 1787 698 1862 omnibus
714 1786 918 1861 honoratur.

403 1909 504 1984 Obiit
524 1906 706 1983 'Robertus
730 1906 842 1982 abbas
868 1907 913 1981 de
942 1904 1132 1991 Gedewrd,
1161 1904 1218 1980 cui
1242 1888 1399 1979 succedit
1422 1902 1623 1979 Nicholaus
1645 1903 1806 2003 ejusdem

351 2030 478 2104 domus
495 2029 698 2104 canonicus

404 2129 510 2203 Anno
530 2127 676 2202 Domini
690 2128 813 2202 mccl.
826 2152 907 2201 cum
921 2126 1053 2200 cundia
1065 2122 1434 2226 prosperaeveniffent
1447 2124 1618 2201 exercitui
1638 2122 1806 2200 Christia-

351 2274 476 2324 norum
489 2247 537 2324 ob
548 2247 747 2349 superbiam
759 2247 950 2349 praecipue,
964 2258 1004 2321 ut
1015 2247 1138 2332 fertur,
1146 2244 1377 2332 Francorum,
1388 2244 1538 2321 traditur
1548 2244 1675 2323 militia
1684 2242 1805 2332 Chris·

351 2371 529 2444 tianorum
545 2368 708 2468 paganis,
721 2369 783 2468 qui
796 2368 945 2465 victoria
963 2366 1066 2467 potiti
1080 2366 1170 2441 seria
1187 2367 1286 2442 sexta
1303 2367 1338 2442 in
1357 2365 1807 2468 primahebdomadaqua-

353 2489 548 2589 dragesime
569 2487 676 2589 [Feb.
699 2488 776 2589 ll],
793 2513 865 2563 non
888 2486 961 2563 fine
983 2487 1140 2562 maxima
1161 2486 1306 2587 jactura
1329 2488 1485 2574 suornm,
1506 2486 1695 2566 miserabili
1717 2487 1807 2565 cede

356 2608 573 2683 Christianos
590 2608 795 2683 affecerunt.
850 2607 968 2709 lpsum
985 2608 1094 2683 etiam
1117 2632 1240 2708 regem
1259 2606 1410 2685 Francia
1427 2607 1737 2708 apprehendentes
1758 2608 1809 2684 vi·

352 2753 435 2803 vum
455 2728 691 2813 adduxerunt,
715 2740 752 2803 et
775 2728 958 2829 aliquanto
974 2739 1135 2829 tempore
1153 2728 1249 2828 apud
1272 2729 1309 2804 se
1325 2726 1559 2805 honestissime
1575 2728 1808 2816 retinuerunt,

354 2875 396 2923 ac
413 2848 536 2950 postea
552 2849 772 2924 redemtione
785 2848 882 2936 data,
901 2860 938 2924 et
955 2847 1064 2924 trebia
1077 2848 1167 2923 inter
1184 2849 1220 2924 se
1238 2848 1449 2951 compositis,
1466 2847 1644 2927 liberrime
1661 2850 1808 2950 repatri-

353 2996 414 3044 are
431 2969 684 3071 permiserunt.¹
719 2969 803 3044 Post
825 2979 946 3046 autem
963 2968 1147 3045 discessum
1171 2969 1278 3070 regis,
1296 2969 1430 3071 pagani
1450 2969 1658 3047 Damietam
1674 2969 1807 3046 intran-

352 3103 407 3166 tes
424 3103 461 3165 et
477 3090 612 3191 templa
628 3116 709 3166 cum
726 3090 943 3172 simulachris
960 3091 1029 3166 suis
1045 3071 1208 3167 subversa
1226 3102 1424 3177 cernentes,
1442 3091 1697 3167 ultramodum
1714 3091 1807 3177 irati,

353 3213 477 3288 fractis
499 3211 619 3298 trebis,
637 3236 761 3287 omnes
781 3210 1000 3287 Christianos
1023 3237 1115 3312 quos
1139 3212 1296 3288 invenire
1313 3225 1504 3313 potuerunt
1527 3212 1663 3289 diverso
1685 3213 1807 3291 mortis

353 3358 484 3433 genere
502 3346 739 3433 peremerunt.
793 3331 862 3409 His
879 3333 1009 3408 auditis
1025 3358 1087 3408 rex
1106 3332 1211 3408 Acon
1228 3333 1343 3420 rediit,
1361 3332 1483 3434 ibique
1501 3359 1523 3411 a
1540 3332 1807 3435 crucesignatis

354 3454 522 3528 auxilium
540 3454 753 3553 expectavit.
1697 3506 1712 3537 ι

404 3573 582 3650 Dominus
601 3573 780 3650 Robertus
796 3574 842 3649 de
863 3573 1003 3674 Campo
1019 3574 1249 3651 muscarumm
1269 3574 1366 3674 apud
1384 3572 1520 3652 Mehos
1536 3574 1714 3675 sepelitur.

405 3694 465 3770 Ad
482 3696 642 3795 regimen
660 3696 883 3796 episcopatus
900 3694 946 3771 de
961 3694 1191 3782 Dunkelden,
1209 3695 1287 3796 post
1304 3694 1441 3771 obitum
1458 3696 1613 3796 episcopi
1630 3695 1807 3781 Gaufridi,

355 3815 496 3915 eligitur
512 3814 679 3915 magister
698 3815 872 3890 Ricardus
889 3814 935 3890 de
955 3814 1171 3915 lnberketpin
1189 3827 1225 3890 et
1243 3816 1477 3891 consecratur.

406 3933 507 4009 Obiit
525 3934 745 4022 Fredericus,
763 3936 823 4035 qui
841 3936 909 4010 suit
926 3936 1146 4036 imperator.¹¹

408 4051 507 4128 Obiit
522 4055 642 4129 Adam
656 4055 768 4130 abbas
785 4055 832 4131 de
847 4055 1110 4155 Dundrapnan,
1123 4068 1160 4131 et
1175 4020 1353 4132 Brianhus
1365 4056 1523 4156 ejusdem
1536 4056 1663 4132 domus
1679 4079 1807 4129 mona·

356 4173 442 4247 chus
460 4175 492 4247 ei
510 4174 677 4249 succeffit.

409 4294 516 4368 Anno
535 4292 685 4369 Domini
702 4296 840 4395 mcclj.
866 4294 954 4371 obiit
979 4293 1155 4372 Radulsus
1179 4295 1292 4373 abbas
1314 4299 1360 4373 de
1383 4299 1504 4375 sancto
1527 4294 1732 4381 Eduardo,0
1750 4298 1808 4372 cui

392 4489 399 4523 ¹
417 4491 504 4545 barris
516 4509 571 4546 was
581 4489 662 4546 taken
674 4492 792 4563 prisoner
804 4508 877 4562 upon
888 4490 936 4546 the
947 4491 996 4547 nh
1008 4490 1042 4547 os
1051 4492 1134 4563 April,
1145 4493 1199 4550 md
1210 4494 1351 4550 maomed
1362 4512 1436 4567 upon
1447 4494 1495 4550 the
1503 4493 1552 4550 ach
1563 4492 1596 4549 os
1605 4491 1678 4565 lday.
1717 4492 1809 4556 nun,

356 4575 390 4628 vi.
401 4580 427 4639 ⁵,
441 4578 503 4628 8vo.
537 4576 588 4632 See
600 4575 656 4630 aleo
668 4576 713 4630 M.
726 4577 809 4639 Porio,
823 4593 851 4647 p.
865 4579 927 4630 580.
1019 4575 1039 4601 '¹
1053 4577 1154 4632 Robert
1163 4578 1196 4632 de
1208 4578 1367 4650 Muschamp
1375 4596 1441 4650 gare
1450 4589 1480 4634 to
1488 4578 1536 4634 the
1544 4576 1639 4634 monle
1648 4576 1680 4634 os
1687 4576 1811 4641 Meliore,

355 4658 396 4714 sor
407 4659 454 4715 the
466 4659 538 4715 souh
551 4659 583 4714 os
592 4659 707 4715 Richard
718 4660 771 4715 and
782 4659 864 4724 John,
877 4659 930 4716 late
942 4659 1016 4732 kings
1029 4659 1061 4716 os
1070 4662 1198 4733 England,
1213 4664 1266 4717 and
1276 4663 1318 4718 sor
1329 4663 1377 4718 the
1388 4663 1489 4718 eoulos
1499 4663 1592 4736 Henry
1603 4662 1667 4727 111..
1681 4663 1814 4735 aportion

357 4743 389 4799 os
394 4744 435 4799 his
443 4754 568 4818 property
576 4745 604 4799 in
613 4745 863 4800 Northumberlnnd.
872 4744 1121 4802 Mortorc'eMonast.
1131 4747 1198 4802 Anu.
1206 4765 1233 4819 p.
1243 4749 1304 4811 267,
1315 4748 1393 4819 citing
1403 4749 1474 4803 Cart.
1488 4747 1564 4803 Meh.
1573 4747 1618 4802 sol.
1631 4751 1654 4802 l.
1728 4746 1742 4772 ⁸
1752 4747 1814 4802 Fre·

356 4829 427 4884 derio
440 4830 477 4885 11.
491 4830 553 4887 died
567 4830 631 4885 l5th
644 4830 791 4886 December
805 4834 882 4885 12⁵0.
921 4832 1012 4896 L’Arr,
1027 4832 1070 4887 vii.
1085 4836 1145 4897 ³45,
1159 4837 1237 4896 8vo.;
1257 4834 1302 4887 M.
1315 4835 1399 4898 Paris,
1413 4851 1441 4905 p.
1453 4837 1516 4888 538.
1629 4832 1642 4858 ⁰
1658 4831 1718 4888 The
1730 4833 1814 4902 cbbey

357 4913 389 4968 os
398 4914 588 4980 Brdmerinach,
603 4914 691 4970 which
700 4933 754 4970 was
766 4915 904 4971 dedicated
914 4925 944 4970 to
959 4917 990 4971 St
1004 4915 1127 4972 Edward.
1163 4918 1293 4989 Opposite
1305 4928 1335 4973 to
1346 4916 1400 4973 this
1411 4928 1496 4990 entry,
1510 4935 1546 4973 on
1559 4917 1606 4974 the
1618 4918 1716 4987 margin
1727 4914 1760 4971 os
1766 4914 1814 4970 the

359 5000 527 5071 manuscript,
540 5017 585 5055 are
599 5008 617 5033 “
629 4999 857 5072 iij.”-indicating
874 4999 999 5071 probably
1011 4999 1058 5055 the
1070 5003 1234 5059 numeration
1247 5002 1280 5058 os
1293 5002 1340 5058 the
1352 5020 1412 5059 new
1430 5003 1517 5067 abbat,
1531 5001 1565 5057 cs.
1579 5001 1664 5058 under
1680 5000 1728 5056 the
1738 5017 1814 5071 years

361 5084 438 5147 1220,
456 5086 532 5148 1236,
546 5083 586 5139 sor
598 5083 779 5141 confirmation
791 5084 824 5140 os
832 5084 884 5141 this
896 5085 1055 5156 conjecture.
