4716 6428
336 725 436 802 A.D.
460 726 565 802 1262.
697 722 1019 801 CHRONICA
1051 723 1127 798 DE
1165 723 1454 803 MAILROS.
1719 736 1788 813 187

330 936 437 1011 beata
455 937 611 1011 celorum
629 934 785 1020 domina,
802 947 890 1035 puto
916 934 1002 1009 illud
1026 934 1188 1009 ostiolum
1214 961 1276 1034 per
1300 948 1336 1010 tc
1359 937 1459 1011 fuisse
1482 937 1540 1012 ille
1564 940 1785 1037 patefadtum

329 1084 372 1131 ex
390 1059 461 1132 ima
479 1055 708 1154 conjecturat
761 1054 859 1130 Nam
877 1054 963 1130 dum
980 1055 1137 1154 quadam
1154 1055 1220 1158 die
1236 1056 1342 1130 staret
1360 1069 1444 1131 ante
1470 1069 1519 1142 te,
1540 1083 1659 1132 coram
1681 1059 1783 1155 altari

328 1177 439 1254 saneti
462 1176 633 1275 Stephani
651 1176 928 1276 protomartyris,
946 1175 1065 1249 videre
1082 1187 1119 1249 te
1137 1177 1276 1262 meruit,
1295 1202 1366 1251 non
1384 1178 1588 1252 immediate
1601 1180 1781 1278 superter-

327 1323 414 1382 ram,
432 1322 503 1372 non
521 1297 660 1396 parieti,
678 1321 751 1371 non
769 1297 873 1372 alicui
893 1296 993 1371 alteri
1011 1297 1158 1373 materie
1177 1297 1392 1397 corruptibili
1411 1298 1579 1383 innixam,
1597 1300 1657 1373 sed
1675 1311 1714 1372 ut
1732 1301 1781 1372 vir

328 1417 402 1493 Dei
419 1418 550 1503 retulit,
569 1417 656 1494 vidit
673 1429 710 1492 te
727 1417 763 1491 in
781 1417 932 1516 spatioso
946 1442 1029 1492 aere
1043 1416 1201 1501 ecclefre,
1218 1442 1314 1491 nunc
1331 1417 1520 1503 mobiliter,
1537 1401 1631 1493 nunc
1657 1421 1780 1494 immo·

325 1536 451 1623 biliter‚
470 1550 575 1638 prout
591 1537 747 1623 volebas,
765 1537 916 1612 stantem
935 1549 1018 1611 ante
1036 1538 1071 1610 se
1090 1536 1327 1612 devotissimus
1344 1549 1426 1613 tuus
1445 1551 1594 1624 amator,
1618 1541 1779 1639 pulcher·

324 1660 412 1733 rimo
429 1660 489 1737 sed
502 1658 698 1734 tenuiffimo
710 1657 1022 1756 candidissimoque
1035 1657 1242 1733 indumento
1256 1659 1453 1733 inconsutili
1467 1660 1777 1735 circumamictam.

326 1777 397 1854 Hic
415 1778 500 1854 dum
519 1791 659 1879 putaret
676 1782 712 1855 fe
731 1805 753 1853 a
770 1778 912 1853 nemine
936 1776 1032 1876 pofse
1055 1777 1177 1862 videri,
1201 1803 1297 1852 nunc
1319 1778 1476 1855 faciebat
1499 1781 1777 1880 genuflexiones,

321 1924 416 1975 nunc
433 1900 625 1977 infinuofas
640 1924 812 1975 manuum
829 1898 1110 1997 tripudiationes,
1129 1924 1210 1972 cum
1228 1898 1331 1973 valde
1355 1901 1443 1973 mira
1467 1899 1644 1974 hilaritate
1668 1901 1776 2000 tripu·

321 2019 423 2096 dians
441 2046 561 2095 eoram
579 2020 723 2095 dilecta.
778 2019 860 2105 Qua
877 2017 978 2118 gesta
995 2017 1080 2095 dum
1098 2019 1333 2117 perpenderet
1346 2019 1492 2118 quidam
1510 2020 1705 2095 monachus
1723 2047 1775 2095 re-

320 2153 375 2213 tro
393 2142 507 2215 virum
527 2140 598 2216 Dei
615 2165 687 2213 non
705 2139 856 2213 multum
874 2163 984 2238 prope
1002 2138 1108 2224 stans,
1127 2139 1219 2215 clam
1238 2138 1371 2214 recellit
1389 2166 1410 2214 a
1433 2140 1513 2213 loco
1536 2140 1696 2217 stationis
1713 2142 1774 2215 fue

319 2285 365 2334 ne
382 2262 474 2335 forte
492 2261 673 2362 ingrueret
691 2269 815 2337 contra
832 2259 931 2333 illum
948 2257 974 2333 fi
991 2271 1076 2334 tunc
1100 2260 1191 2334 forte
1215 2272 1333 2333 motus
1354 2260 1544 2358 gaudentis
1567 2261 1775 2360 increpasset

318 2382 478 2478 putative
495 2381 614 2455 fatuos
631 2391 667 2454 et
693 2379 924 2463 inordinatos,
951 2379 1003 2452 ira
1020 2379 1136 2455 sancti
1164 2380 1249 2453 viri:
1278 2380 1350 2466 Qui
1377 2380 1600 2478 postmodum
1627 2382 1772 2456 veniens

318 2502 366 2576 ad
385 2501 655 2600 tripudiatorem
673 2500 854 2600 genitricis
873 2498 957 2583 Dei,
972 2498 1128 2598 quaefrvit
1143 2499 1188 2572 ab
1202 2525 1246 2573 eo
1260 2500 1346 2599 quid
1364 2500 1487 2599 gaudii
1501 2500 1649 2575 haberet
1662 2527 1773 2600 quan·

317 2622 364 2695 do
382 2621 444 2695 tali
462 2619 521 2695 die
540 2633 576 2695 et
588 2619 651 2694 tali
669 2619 758 2694 hora
768 2618 985 2718 tripudiabat
999 2644 1118 2693 coram
1132 2619 1192 2693 illo
1205 2621 1241 2695 in
1255 2620 1342 2718 quid
1356 2621 1471 2695 altari.
1527 2622 1588 2695 Ad
1602 2647 1710 2720 quem
1723 2624 1773 2695 vir

318 2742 402 2826 Dei,
430 2740 627 2816 “Obsecro
650 2751 686 2813 te
710 2764 772 2839 per
795 2739 961 2813 virtutem
986 2737 1057 2813 Dei
1081 2750 1117 2813 et
1141 2739 1415 2813 misericordiam
1438 2741 1499 2814 sue
1517 2741 1638 2816 matris
1656 2754 1695 2815 ut
1711 2767 1773 2816 ue·

315 2863 400 2937 mini
418 2862 516 2937 dicas
533 2862 569 2946 in
587 2860 661 2936 vita
677 2884 760 2935 mea
777 2859 941 2934 visionem
958 2884 1069 2959 quam
1095 2859 1178 2944 vidi,
1202 2872 1239 2934 et
1264 2859 1382 2934 dicam
1406 2885 1486 2937 eam
1511 2860 1613 2934 tibi.'’
1653 2862 1772 2948 Quam

316 3007 396 3057 cum
423 2980 610 3081 aperuisset
635 2981 697 3066 illi,
724 2980 901 3081 pollicitus
922 2980 972 3054 est
998 2981 1031 3055 ei
1054 2980 1249 3056 monachus
1272 3005 1456 3081 nunquam
1479 2981 1515 3055 se
1536 2982 1771 3056 revelatumm

314 3104 482 3201 cuiquam
500 3101 667 3179 visionem
685 3100 763 3200 ejus
780 3100 841 3176 illo
858 3099 1052 3199 superstite.
1110 3100 1183 3175 Sed
1200 3112 1372 3199 querente
1383 3100 1559 3175 monacho
1573 3127 1683 3200 quare
1697 3128 1771 3177 ma·

313 3236 366 3297 ter
385 3221 456 3299 Dei
474 3248 545 3297 nou
562 3221 727 3321 potuisset
744 3221 854 3298 videri
872 3248 894 3295 a
911 3223 947 3296 fe
965 3246 1047 3295 cum
1065 3232 1138 3296 tam
1156 3245 1267 3320 prope
1284 3221 1363 3297 illos
1388 3220 1507 3306 staret,
1533 3220 1712 3320 respondit
1735 3223 1768 3297 ei

313 3343 413 3426 alter,
440 3356 464 3388 ‘⁴
477 3341 563 3418 Non
580 3342 733 3418 ostendit
750 3342 786 3415 se
805 3341 881 3419 Dei
898 3341 1050 3441 genitrix
1074 3340 1136 3414 nifi
1157 3340 1392 3416 familiaribus
1413 3342 1482 3417 fuis
1505 3367 1527 3415 a
1550 3340 1659 3449 longo
1680 3354 1768 3417 tern-

312 3487 398 3562 pore
416 3462 545 3538 devote
562 3461 624 3538 fibi
641 3461 897 3539 famulantibus
908 3486 990 3535 cum
1002 3460 1263 3561 obsequiisque
1282 3463 1360 3536 funt
1377 3459 1423 3535 de
1441 3486 1575 3561 genere
1592 3461 1765 3536 bonorum

312 3583 508 3681 opemm”l

361 3823 420 3897 De
443 3823 551 3899 beato
572 3824 647 3898 viro
670 3822 735 3898 isto
760 3823 848 3901 libet
872 3825 1003 3899 referre
1029 3838 1139 3899 unum
1165 3822 1281 3898 adhuc
1305 3823 1514 3899 miraculum
1540 3823 1637 3923 quod
1664 3820 1765 3898 Deus

309 3956 477 4044 operatus
494 3944 545 4019 est
561 3968 626 4042 pro
644 3968 688 4017 eo
706 3943 814 4044 longe
831 3943 910 4043 post
927 3942 1064 4019 obitum
1080 3944 1192 4019 suum.
1246 3942 1334 4019 Erat
1352 3945 1447 4018 euim
1464 3929 1611 4019 indicto
1628 3944 1765 4018 monas-

309 4066 397 4140 terio
417 4062 684 4141 Melroseufium
700 4064 849 4163 quidam
864 4064 1060 4141 monachus
1077 4065 1289 4167 grandevus,
1304 4063 1505 4140 Willelmus
1522 4064 1567 4140 de
1582 4064 1686 4139 Duns
1703 4090 1765 4138 no
1822 4062 1827 4070 ’

309 4187 414 4271 mine,
432 4197 532 4261 tante
550 4184 711 4261 cecitatis
726 4184 816 4261 mira
837 4184 1071 4261 strictitudine
1096 4184 1286 4285 percussus,
1313 4197 1352 4258 ut
1369 4184 1395 4260 fi
1418 4186 1474 4260 vel
1501 4186 1573 4284 ipse
1591 4185 1646 4259 vel
1673 4184 1763 4261 alius

308 4331 452 4382 manum
470 4308 569 4382 suam
587 4304 793 4381 admoveret
810 4305 857 4381 ad
874 4305 1104 4405 aperiendum
1121 4305 1309 4405 palpebras
1326 4305 1509 4381 oculorum
1526 4306 1616 4406 ejus,
1630 4330 1763 4405 nequa·

309 4451 418 4524 quam
435 4426 562 4525 operiri
580 4424 781 4526 potuissent.
835 4424 908 4501 Hic
932 4426 1097 4503 nimirum
1119 4427 1239 4501 multis
1264 4425 1390 4503 diebus
1413 4426 1537 4502 dolens
1560 4450 1624 4525 pro
1649 4425 1762 4525 priva·

309 4546 406 4620 tione
422 4545 514 4621 visus
529 4547 702 4625 luminum
719 4548 872 4633 suorum,
889 4547 1033 4624 demum
1051 4548 1189 4648 rogavit
1207 4546 1388 4623 custodem
1404 4545 1466 4623 fibi
1490 4547 1700 4646 deputatum
1723 4557 1761 4618 ut

310 4665 498 4741 duceretur
516 4665 561 4741 ab
578 4693 623 4742 eo
640 4667 688 4743 ad
705 4668 881 4745 tumulum
897 4668 1010 4745 sandei
1027 4669 1090 4742 viri
1104 4668 1205 4767 cujus
1217 4668 1314 4744 modi
1326 4669 1396 4744 feci
1407 4667 1635 4751 mentionem,
1649 4664 1761 4764 cujus·

310 4811 381 4884 que
398 4786 673 4863 familiaritatem
691 4800 934 4888 promeruerat
955 4788 1151 4874 monachus
1176 4813 1292 4865 cecus
1313 4789 1433 4865 factus
1454 4798 1537 4863 ante
1559 4784 1762 4886 migration-

310 4930 368 4981 em
385 4907 463 5007 ejue
479 4932 524 4983 ex
541 4907 609 4983 hac
622 4908 695 4984 vita
708 4909 755 4985 ad
770 4908 960 4987 Christum.
990 4909 1085 4987 Cum
1102 4907 1246 4985 venisset
1262 4933 1350 5009 ergo
1367 4908 1414 4985 ad
1432 4906 1628 5007 sepulcrum
1646 4903 1761 5005 ipfrus,
