<?xml version="1.0" encoding="UTF-8"?>
<!DOCTYPE html PUBLIC "-//W3C//DTD XHTML 1.0 Transitional//EN"
    "http://www.w3.org/TR/xhtml1/DTD/xhtml1-transitional.dtd">
<html xmlns="http://www.w3.org/1999/xhtml" xml:lang="en" lang="en">
 <head>
  <title>
</title>
<meta http-equiv="Content-Type" content="text/html;charset=utf-8" />
  <meta name='ocr-system' content='tesseract 3.04.00' />
  <meta name='ocr-capabilities' content='ocr_page ocr_carea ocr_par ocr_line ocrx_word'/>
</head>
<body>
  <div class='ocr_page' id='page_1' title='image "./chronicademailr00stevgoog_0143.png"; bbox 0 0 4716 6428; ppageno 0'>
   <div class='ocr_carea' id='block_1_1' title="bbox 590 692 2045 818">
    <p class='ocr_par' dir='ltr' id='par_1_1' title="bbox 590 692 2045 818">
     <span class='ocr_line' id='line_1_1' title="bbox 590 692 2045 818; baseline 0.004 -50"><span class='ocrx_word' id='word_1_1' title='bbox 590 704 658 770; x_wconf 82' lang='grc'>108</span> <span class='ocrx_word' id='word_1_2' title='bbox 936 693 1255 770; x_wconf 88' lang='lat' dir='ltr'>CHRONICA</span> <span class='ocrx_word' id='word_1_3' title='bbox 1289 693 1364 818; x_wconf 74' lang='lat' dir='ltr'>DE</span> <span class='ocrx_word' id='word_1_4' title='bbox 1402 692 1688 770; x_wconf 85' lang='lat' dir='ltr'>MAILROS.</span> <span class='ocrx_word' id='word_1_5' title='bbox 1805 697 1906 772; x_wconf 89' lang='lat' dir='ltr'><strong>A.D.</strong></span> <span class='ocrx_word' id='word_1_6' title='bbox 1938 705 2045 774; x_wconf 81' lang='lat'>1208.</span> 
     </span>
    </p>
   </div>
   <div class='ocr_carea' id='block_1_2' title="bbox 585 902 2050 4101">
    <p class='ocr_par' dir='ltr' id='par_1_2' title="bbox 585 902 2048 1123">
     <span class='ocr_line' id='line_1_2' title="bbox 588 902 2048 1004; baseline 0.003 -28"><span class='ocrx_word' id='word_1_7' title='bbox 588 905 649 976; x_wconf 89' lang='lat' dir='ltr'>sua</span> <span class='ocrx_word' id='word_1_8' title='bbox 673 903 767 1004; x_wconf 88' lang='lat' dir='ltr'>apud</span> <span class='ocrx_word' id='word_1_9' title='bbox 790 904 927 1004; x_wconf 85' lang='lat' dir='ltr'>Glalgu</span> <span class='ocrx_word' id='word_1_10' title='bbox 951 906 1174 978; x_wconf 87' lang='lat' dir='ltr'>consecratus</span> <span class='ocrx_word' id='word_1_11' title='bbox 1197 903 1249 976; x_wconf 86' lang='lat' dir='ltr'>est</span> <span class='ocrx_word' id='word_1_12' title='bbox 1274 903 1310 975; x_wconf 93' lang='lat' dir='ltr'>in</span> <span class='ocrx_word' id='word_1_13' title='bbox 1337 902 1395 975; x_wconf 91' lang='lat' dir='ltr'>die</span> <span class='ocrx_word' id='word_1_14' title='bbox 1421 903 1767 977; x_wconf 84' lang='lat' dir='ltr'>commemorationis</span> <span class='ocrx_word' id='word_1_15' title='bbox 1790 904 1948 980; x_wconf 89' lang='lat' dir='ltr'>fidelium</span> <span class='ocrx_word' id='word_1_16' title='bbox 1975 909 2048 981; x_wconf 89' lang='lat' dir='ltr'>ani·</span> 
     </span>
     <span class='ocr_line' id='line_1_3' title="bbox 585 1024 1441 1123; baseline 0 -26"><span class='ocrx_word' id='word_1_17' title='bbox 585 1049 721 1098; x_wconf 90' lang='lat' dir='ltr'>marum</span> <span class='ocrx_word' id='word_1_18' title='bbox 745 1024 857 1123; x_wconf 77' lang='lat' dir='ltr'>[Nor.</span> <span class='ocrx_word' id='word_1_19' title='bbox 876 1024 930 1123; x_wconf 79' lang='lat'>2].</span> <span class='ocrx_word' id='word_1_20' title='bbox 1439 1104 1441 1109; x_wconf 58' lang='grc'><strong>,</strong></span> 
     </span>
    </p>

    <p class='ocr_par' dir='ltr' id='par_1_3' title="bbox 640 1142 2023 1247">
     <span class='ocr_line' id='line_1_4' title="bbox 640 1142 2023 1247; baseline 0.002 -29"><span class='ocrx_word' id='word_1_21' title='bbox 640 1144 783 1218; x_wconf 66' lang='lat' dir='ltr'>Adamd</span> <span class='ocrx_word' id='word_1_22' title='bbox 801 1144 913 1218; x_wconf 89' lang='lat' dir='ltr'>abbas</span> <span class='ocrx_word' id='word_1_23' title='bbox 931 1144 976 1217; x_wconf 90' lang='lat' dir='ltr'>de</span> <span class='ocrx_word' id='word_1_24' title='bbox 997 1143 1156 1217; x_wconf 85' lang='lat' dir='ltr'>Alnewic</span> <span class='ocrx_word' id='word_1_25' title='bbox 1174 1143 1353 1242; x_wconf 83' lang='lat' dir='ltr'>depositus</span> <span class='ocrx_word' id='word_1_26' title='bbox 1371 1143 1434 1227; x_wconf 89' lang='lat' dir='ltr'>est,</span> <span class='ocrx_word' id='word_1_27' title='bbox 1453 1169 1485 1216; x_wconf 88' lang='lat' dir='ltr'>v.</span> <span class='ocrx_word' id='word_1_28' title='bbox 1505 1142 1584 1216; x_wconf 90' lang='lat' dir='ltr'>idus</span> <span class='ocrx_word' id='word_1_29' title='bbox 1605 1142 1817 1218; x_wconf 82' lang='lat' dir='ltr'>Decembris</span> <span class='ocrx_word' id='word_1_30' title='bbox 1838 1144 1947 1244; x_wconf 91' lang='lat' dir='ltr'>[Dec.</span> <span class='ocrx_word' id='word_1_31' title='bbox 1968 1149 2023 1247; x_wconf 92' lang='lat'>9].</span> 
     </span>
    </p>

    <p class='ocr_par' dir='ltr' id='par_1_4' title="bbox 587 1262 2050 2083">
     <span class='ocr_line' id='line_1_5' title="bbox 640 1262 2048 1364; baseline 0.001 -25"><span class='ocrx_word' id='word_1_32' title='bbox 640 1266 747 1339; x_wconf 85' lang='lat' dir='ltr'>Anno</span> <span class='ocrx_word' id='word_1_33' title='bbox 765 1267 912 1340; x_wconf 74' lang='lat' dir='ltr'>naccix.</span> <span class='ocrx_word' id='word_1_34' title='bbox 931 1263 953 1338; x_wconf 90' lang='lat' dir='ltr'>J</span> <span class='ocrx_word' id='word_1_35' title='bbox 956 1265 1114 1337; x_wconf 91' lang='lat' dir='ltr'>ohannes</span> <span class='ocrx_word' id='word_1_36' title='bbox 1128 1289 1189 1336; x_wconf 85' lang='lat' dir='ltr'>rex</span> <span class='ocrx_word' id='word_1_37' title='bbox 1205 1263 1338 1362; x_wconf 86' lang='lat' dir='ltr'>Anglie</span> <span class='ocrx_word' id='word_1_38' title='bbox 1357 1263 1539 1336; x_wconf 89' lang='lat' dir='ltr'>mandavit</span> <span class='ocrx_word' id='word_1_39' title='bbox 1556 1262 1739 1337; x_wconf 91' lang='lat' dir='ltr'>Willelmo</span> <span class='ocrx_word' id='word_1_40' title='bbox 1753 1265 1829 1364; x_wconf 87' lang='lat' dir='ltr'>regi</span> <span class='ocrx_word' id='word_1_41' title='bbox 1845 1265 2048 1341; x_wconf 86' lang='lat' dir='ltr'>Scottorum</span> 
     </span>
     <span class='ocr_line' id='line_1_6' title="bbox 588 1382 2047 1484; baseline 0 -25"><span class='ocrx_word' id='word_1_42' title='bbox 588 1400 627 1459; x_wconf 88' lang='lat' dir='ltr'>ut.</span> <span class='ocrx_word' id='word_1_43' title='bbox 638 1387 670 1459; x_wconf 90' lang='lat' dir='ltr'>ei</span> <span class='ocrx_word' id='word_1_44' title='bbox 683 1396 882 1460; x_wconf 90' lang='lat' dir='ltr'>occurreret</span> <span class='ocrx_word' id='word_1_45' title='bbox 896 1384 992 1484; x_wconf 88' lang='lat' dir='ltr'>apud</span> <span class='ocrx_word' id='word_1_46' title='bbox 1000 1383 1147 1457; x_wconf 91' lang='lat' dir='ltr'>Nouum</span> <span class='ocrx_word' id='word_1_47' title='bbox 1160 1382 1353 1467; x_wconf 89' lang='lat' dir='ltr'>castellum,</span> <span class='ocrx_word' id='word_1_48' title='bbox 1361 1395 1397 1456; x_wconf 88' lang='lat' dir='ltr'>et</span> <span class='ocrx_word' id='word_1_49' title='bbox 1408 1382 1638 1457; x_wconf 87' lang='lat' dir='ltr'>obviaverunt</span> <span class='ocrx_word' id='word_1_50' title='bbox 1650 1383 1848 1459; x_wconf 85' lang='lat' dir='ltr'>adinvicem</span> <span class='ocrx_word' id='word_1_51' title='bbox 1856 1384 2047 1484; x_wconf 68' lang='lat' dir='ltr'>Boyeltun.</span> 
     </span>
     <span class='ocr_line' id='line_1_7' title="bbox 590 1502 2049 1605; baseline 0 -25"><span class='ocrx_word' id='word_1_52' title='bbox 590 1506 668 1580; x_wconf 86' lang='lat' dir='ltr'>Rex</span> <span class='ocrx_word' id='word_1_53' title='bbox 690 1507 810 1604; x_wconf 89' lang='lat' dir='ltr'>itaque</span> <span class='ocrx_word' id='word_1_54' title='bbox 833 1505 1021 1583; x_wconf 85' lang='lat' dir='ltr'>Scotorum</span> <span class='ocrx_word' id='word_1_55' title='bbox 1042 1503 1243 1576; x_wconf 91' lang='lat' dir='ltr'>Willelmus</span> <span class='ocrx_word' id='word_1_56' title='bbox 1261 1502 1433 1602; x_wconf 80' lang='lat' dir='ltr'>precellit,</span> <span class='ocrx_word' id='word_1_57' title='bbox 1459 1514 1494 1575; x_wconf 92' lang='lat' dir='ltr'>et</span> <span class='ocrx_word' id='word_1_58' title='bbox 1518 1528 1579 1577; x_wconf 85' lang='lat' dir='ltr'>rex</span> <span class='ocrx_word' id='word_1_59' title='bbox 1599 1502 1800 1604; x_wconf 85' lang='lat' dir='ltr'>Anglorum</span> <span class='ocrx_word' id='word_1_60' title='bbox 1818 1506 1914 1579; x_wconf 92' lang='lat' dir='ltr'>venit</span> <span class='ocrx_word' id='word_1_61' title='bbox 1938 1508 2049 1605; x_wconf 86' lang='lat' dir='ltr'>usque</span> 
     </span>
     <span class='ocr_line' id='line_1_8' title="bbox 588 1622 2050 1725; baseline 0.001 -26"><span class='ocrx_word' id='word_1_62' title='bbox 588 1626 634 1699; x_wconf 89' lang='lat' dir='ltr'>ad</span> <span class='ocrx_word' id='word_1_63' title='bbox 654 1626 829 1710; x_wconf 88' lang='lat' dir='ltr'>Norbam,</span> <span class='ocrx_word' id='word_1_64' title='bbox 848 1627 894 1697; x_wconf 85' lang='lat' dir='ltr'>ix.</span> <span class='ocrx_word' id='word_1_65' title='bbox 909 1624 1081 1697; x_wconf 85' lang='lat' dir='ltr'>kalendas</span> <span class='ocrx_word' id='word_1_66' title='bbox 1096 1623 1185 1722; x_wconf 87' lang='lat' dir='ltr'>Maij</span> <span class='ocrx_word' id='word_1_67' title='bbox 1205 1622 1312 1722; x_wconf 84' lang='lat' dir='ltr'>[Apr.</span> <span class='ocrx_word' id='word_1_68' title='bbox 1327 1622 1406 1721; x_wconf 82' lang='lat'>23]‚</span> <span class='ocrx_word' id='word_1_69' title='bbox 1425 1624 1514 1697; x_wconf 88' lang='lat' dir='ltr'>feria</span> <span class='ocrx_word' id='word_1_70' title='bbox 1528 1637 1588 1708; x_wconf 77' lang='lat' dir='ltr'>v².‚</span> <span class='ocrx_word' id='word_1_71' title='bbox 1607 1636 1643 1697; x_wconf 88' lang='lat' dir='ltr'>et</span> <span class='ocrx_word' id='word_1_72' title='bbox 1661 1636 1735 1698; x_wconf 89' lang='lat' dir='ltr'>tarn</span> <span class='ocrx_word' id='word_1_73' title='bbox 1753 1625 1789 1697; x_wconf 94' lang='lat' dir='ltr'>in</span> <span class='ocrx_word' id='word_1_74' title='bbox 1807 1625 1923 1699; x_wconf 91' lang='lat' dir='ltr'>reditu</span> <span class='ocrx_word' id='word_1_75' title='bbox 1941 1652 2050 1725; x_wconf 86' lang='lat' dir='ltr'>quam</span> 
     </span>
     <span class='ocr_line' id='line_1_9' title="bbox 588 1742 2049 1845; baseline -0.001 -25"><span class='ocrx_word' id='word_1_76' title='bbox 588 1749 623 1820; x_wconf 94' lang='lat' dir='ltr'>in</span> <span class='ocrx_word' id='word_1_77' title='bbox 642 1745 785 1820; x_wconf 85' lang='lat' dir='ltr'>tranfitu</span> <span class='ocrx_word' id='word_1_78' title='bbox 807 1745 1002 1845; x_wconf 90' lang='lat' dir='ltr'>hospitatus</span> <span class='ocrx_word' id='word_1_79' title='bbox 1020 1743 1071 1816; x_wconf 91' lang='lat' dir='ltr'>est</span> <span class='ocrx_word' id='word_1_80' title='bbox 1092 1744 1126 1815; x_wconf 95' lang='lat' dir='ltr'>in</span> <span class='ocrx_word' id='word_1_81' title='bbox 1148 1742 1307 1816; x_wconf 84' lang='lat' dir='ltr'>Alnewic</span> <span class='ocrx_word' id='word_1_82' title='bbox 1327 1743 1476 1842; x_wconf 89' lang='lat' dir='ltr'>propriis</span> <span class='ocrx_word' id='word_1_83' title='bbox 1494 1742 1675 1843; x_wconf 83' lang='lat' dir='ltr'>expenfis3</span> <span class='ocrx_word' id='word_1_84' title='bbox 1703 1755 1739 1818; x_wconf 93' lang='lat' dir='ltr'>et</span> <span class='ocrx_word' id='word_1_85' title='bbox 1759 1744 1960 1820; x_wconf 89' lang='lat' dir='ltr'>habuerunt</span> <span class='ocrx_word' id='word_1_86' title='bbox 1978 1748 2049 1821; x_wconf 89' lang='lat' dir='ltr'>col·</span> 
     </span>
     <span class='ocr_line' id='line_1_10' title="bbox 587 1862 2048 1966; baseline 0 -26"><span class='ocrx_word' id='word_1_87' title='bbox 587 1868 746 1965; x_wconf 90' lang='lat' dir='ltr'>loquium</span> <span class='ocrx_word' id='word_1_88' title='bbox 766 1865 871 1938; x_wconf 88' lang='lat' dir='ltr'>ambo</span> <span class='ocrx_word' id='word_1_89' title='bbox 890 1889 994 1964; x_wconf 85' lang='lat' dir='ltr'>reges</span> <span class='ocrx_word' id='word_1_90' title='bbox 1012 1863 1108 1962; x_wconf 80' lang='lat' dir='ltr'>apud</span> <span class='ocrx_word' id='word_1_91' title='bbox 1126 1862 1336 1962; x_wconf 64' lang='lat' dir='ltr'>praedictum</span> <span class='ocrx_word' id='word_1_92' title='bbox 1356 1862 1549 1948; x_wconf 86' lang='lat' dir='ltr'>castellum,</span> <span class='ocrx_word' id='word_1_93' title='bbox 1568 1877 1604 1937; x_wconf 94' lang='lat' dir='ltr'>et</span> <span class='ocrx_word' id='word_1_94' title='bbox 1625 1865 1761 1938; x_wconf 71' lang='lat' dir='ltr'>infecto</span> <span class='ocrx_word' id='word_1_95' title='bbox 1782 1867 1929 1966; x_wconf 86' lang='lat' dir='ltr'>negotio</span> <span class='ocrx_word' id='word_1_96' title='bbox 1951 1865 2048 1940; x_wconf 90' lang='lat' dir='ltr'>abin-</span> 
     </span>
     <span class='ocr_line' id='line_1_11' title="bbox 587 1982 1569 2083; baseline -0.001 -24"><span class='ocrx_word' id='word_1_97' title='bbox 587 1989 700 2061; x_wconf 90' lang='lat' dir='ltr'>vicem</span> <span class='ocrx_word' id='word_1_98' title='bbox 720 1984 944 2059; x_wconf 76' lang='lat' dir='ltr'>discesserunt</span> <span class='ocrx_word' id='word_1_99' title='bbox 960 1985 1022 2083; x_wconf 87' lang='lat' dir='ltr'><strong>vj0.</strong></span> <span class='ocrx_word' id='word_1_100' title='bbox 1042 1982 1214 2056; x_wconf 84' lang='lat' dir='ltr'>kalendas</span> <span class='ocrx_word' id='word_1_101' title='bbox 1234 1982 1342 2081; x_wconf 83' lang='lat' dir='ltr'>Maij⁰</span> <span class='ocrx_word' id='word_1_102' title='bbox 1363 1982 1469 2082; x_wconf 73' lang='lat' dir='ltr'>[apr.</span> <span class='ocrx_word' id='word_1_103' title='bbox 1489 1983 1569 2082; x_wconf 84' lang='lat'><strong>26].</strong></span> 
     </span>
    </p>

    <p class='ocr_par' dir='ltr' id='par_1_5' title="bbox 639 2102 1776 2202">
     <span class='ocr_line' id='line_1_12' title="bbox 639 2102 1776 2202; baseline 0.001 -23"><span class='ocrx_word' id='word_1_104' title='bbox 639 2107 814 2180; x_wconf 85' lang='lat' dir='ltr'>Radullus</span> <span class='ocrx_word' id='word_1_105' title='bbox 832 2103 995 2178; x_wconf 86' lang='lat' dir='ltr'>sacerdos</span> <span class='ocrx_word' id='word_1_106' title='bbox 1013 2104 1058 2176; x_wconf 90' lang='lat' dir='ltr'>de</span> <span class='ocrx_word' id='word_1_107' title='bbox 1078 2102 1229 2176; x_wconf 87' lang='lat' dir='ltr'>Dnnbar</span> <span class='ocrx_word' id='word_1_108' title='bbox 1248 2103 1388 2202; x_wconf 89' lang='lat' dir='ltr'>accepit</span> <span class='ocrx_word' id='word_1_109' title='bbox 1405 2128 1527 2177; x_wconf 90' lang='lat' dir='ltr'>curam</span> <span class='ocrx_word' id='word_1_110' title='bbox 1545 2103 1590 2177; x_wconf 91' lang='lat' dir='ltr'>de</span> <span class='ocrx_word' id='word_1_111' title='bbox 1610 2103 1776 2180; x_wconf 82' lang='lat' dir='ltr'>Hecales.</span> 
     </span>
    </p>

    <p class='ocr_par' dir='ltr' id='par_1_6' title="bbox 588 2222 2049 2433">
     <span class='ocr_line' id='line_1_13' title="bbox 639 2222 2049 2325; baseline 0.001 -25"><span class='ocrx_word' id='word_1_112' title='bbox 639 2227 738 2301; x_wconf 90' lang='lat' dir='ltr'>Obiit</span> <span class='ocrx_word' id='word_1_113' title='bbox 757 2226 941 2325; x_wconf 88' lang='lat' dir='ltr'>episcopus</span> <span class='ocrx_word' id='word_1_114' title='bbox 959 2223 981 2298; x_wconf 89' lang='lat' dir='ltr'>J</span> <span class='ocrx_word' id='word_1_115' title='bbox 984 2224 1142 2297; x_wconf 90' lang='lat' dir='ltr'>ohannes</span> <span class='ocrx_word' id='word_1_116' title='bbox 1159 2222 1323 2298; x_wconf 89' lang='lat' dir='ltr'>Candide</span> <span class='ocrx_word' id='word_1_117' title='bbox 1341 2225 1432 2308; x_wconf 87' lang='lat' dir='ltr'>case,</span> <span class='ocrx_word' id='word_1_118' title='bbox 1451 2224 1508 2297; x_wconf 91' lang='lat' dir='ltr'>cui</span> <span class='ocrx_word' id='word_1_119' title='bbox 1526 2224 1875 2300; x_wconf 86' lang='lat' dir='ltr'>succelhtWalterus</span> <span class='ocrx_word' id='word_1_120' title='bbox 1893 2253 2049 2302; x_wconf 87' lang='lat' dir='ltr'>camera·</span> 
     </span>
     <span class='ocr_line' id='line_1_14' title="bbox 588 2343 1480 2433; baseline -0.01 -12"><span class='ocrx_word' id='word_1_121' title='bbox 588 2351 658 2422; x_wconf 90' lang='lat' dir='ltr'>rius</span> <span class='ocrx_word' id='word_1_122' title='bbox 678 2347 786 2420; x_wconf 84' lang='lat' dir='ltr'>Alani</span> <span class='ocrx_word' id='word_1_123' title='bbox 804 2347 865 2419; x_wconf 91' lang='lat' dir='ltr'>filii</span> <span class='ocrx_word' id='word_1_124' title='bbox 886 2343 1054 2418; x_wconf 65' lang='lat' dir='ltr'>Roland!</span> <span class='ocrx_word' id='word_1_125' title='bbox 1477 2428 1480 2433; x_wconf 21' lang='grc' dir='ltr'>Ι</span> 
     </span>
    </p>

    <p class='ocr_par' dir='ltr' id='par_1_7' title="bbox 588 2463 2048 2687">
     <span class='ocr_line' id='line_1_15' title="bbox 639 2463 2048 2565; baseline 0.002 -26"><span class='ocrx_word' id='word_1_126' title='bbox 639 2466 739 2541; x_wconf 91' lang='lat' dir='ltr'>Obiit</span> <span class='ocrx_word' id='word_1_127' title='bbox 767 2466 933 2565; x_wconf 86' lang='lat' dir='ltr'>magister</span> <span class='ocrx_word' id='word_1_128' title='bbox 963 2464 1163 2538; x_wconf 85' lang='lat' dir='ltr'>Randulfus</span> <span class='ocrx_word' id='word_1_129' title='bbox 1191 2463 1461 2539; x_wconf 88' lang='lat' dir='ltr'>archidiaconns</span> <span class='ocrx_word' id='word_1_130' title='bbox 1487 2464 1599 2538; x_wconf 71' lang='lat' dir='ltr'>sancti</span> <span class='ocrx_word' id='word_1_131' title='bbox 1627 2464 1785 2551; x_wconf 83' lang='lat' dir='ltr'>Andree,</span> <span class='ocrx_word' id='word_1_132' title='bbox 1804 2468 1861 2541; x_wconf 89' lang='lat' dir='ltr'>cui</span> <span class='ocrx_word' id='word_1_133' title='bbox 1892 2467 2048 2542; x_wconf 84' lang='lat' dir='ltr'>suceelht</span> 
     </span>
     <span class='ocr_line' id='line_1_16' title="bbox 588 2584 1176 2687; baseline -0.01 -25"><span class='ocrx_word' id='word_1_134' title='bbox 588 2587 754 2687; x_wconf 86' lang='lat' dir='ltr'>magister</span> <span class='ocrx_word' id='word_1_135' title='bbox 774 2585 988 2659; x_wconf 84' lang='lat' dir='ltr'>Laurentius</span> <span class='ocrx_word' id='word_1_136' title='bbox 1006 2584 1176 2658; x_wconf 88' lang='lat' dir='ltr'>officialis.</span> 
     </span>
    </p>

    <p class='ocr_par' dir='ltr' id='par_1_8' title="bbox 587 2703 2047 2901">
     <span class='ocr_line' id='line_1_17' title="bbox 639 2703 2047 2806; baseline 0.001 -26"><span class='ocrx_word' id='word_1_137' title='bbox 639 2707 777 2780; x_wconf 79' lang='lat' dir='ltr'>Alanus</span> <span class='ocrx_word' id='word_1_138' title='bbox 795 2706 886 2779; x_wconf 87' lang='lat' dir='ltr'>lilius</span> <span class='ocrx_word' id='word_1_139' title='bbox 906 2703 1059 2778; x_wconf 85' lang='lat' dir='ltr'>Rolandi</span> <span class='ocrx_word' id='word_1_140' title='bbox 1083 2704 1182 2777; x_wconf 85' lang='lat' dir='ltr'>duxit</span> <span class='ocrx_word' id='word_1_141' title='bbox 1205 2705 1313 2778; x_wconf 90' lang='lat' dir='ltr'>filiam</span> <span class='ocrx_word' id='word_1_142' title='bbox 1333 2704 1456 2778; x_wconf 90' lang='lat' dir='ltr'>Dauid</span> <span class='ocrx_word' id='word_1_143' title='bbox 1479 2705 1630 2790; x_wconf 73' lang='lat' dir='ltr'>comitis</span> <span class='ocrx_word' id='word_1_144' title='bbox 1656 2706 1773 2780; x_wconf 88' lang='lat' dir='ltr'>fratris</span> <span class='ocrx_word' id='word_1_145' title='bbox 1798 2707 1892 2806; x_wconf 86' lang='lat' dir='ltr'>regis</span> <span class='ocrx_word' id='word_1_146' title='bbox 1914 2707 2047 2791; x_wconf 86' lang='lat' dir='ltr'>Scotie,</span> 
     </span>
     <span class='ocr_line' id='line_1_18' title="bbox 587 2830 817 2901; baseline -0.013 0"><span class='ocrx_word' id='word_1_147' title='bbox 587 2830 622 2901; x_wconf 92' lang='lat' dir='ltr'>in</span> <span class='ocrx_word' id='word_1_148' title='bbox 641 2838 817 2900; x_wconf 76' lang='lat' dir='ltr'>uxorem.g</span> 
     </span>
    </p>

    <p class='ocr_par' dir='ltr' id='par_1_9' title="bbox 588 2944 2048 3261">
     <span class='ocr_line' id='line_1_19' title="bbox 640 2944 2048 3045; baseline 0 -25"><span class='ocrx_word' id='word_1_149' title='bbox 640 2947 737 3020; x_wconf 89' lang='lat' dir='ltr'>Data</span> <span class='ocrx_word' id='word_1_150' title='bbox 762 2946 812 3019; x_wconf 89' lang='lat' dir='ltr'>est</span> <span class='ocrx_word' id='word_1_151' title='bbox 834 2946 978 3020; x_wconf 86' lang='lat' dir='ltr'>licentia</span> <span class='ocrx_word' id='word_1_152' title='bbox 1003 2972 1025 3019; x_wconf 91' lang='lat' dir='ltr'>a</span> <span class='ocrx_word' id='word_1_153' title='bbox 1048 2944 1205 3044; x_wconf 87' lang='lat' dir='ltr'>dompno</span> <span class='ocrx_word' id='word_1_154' title='bbox 1233 2971 1329 3045; x_wconf 89' lang='lat' dir='ltr'>papa</span> <span class='ocrx_word' id='word_1_155' title='bbox 1355 2946 1392 3018; x_wconf 92' lang='lat' dir='ltr'>in</span> <span class='ocrx_word' id='word_1_156' title='bbox 1419 2944 1572 3020; x_wconf 88' lang='lat' dir='ltr'>abbatiis</span> <span class='ocrx_word' id='word_1_157' title='bbox 1598 2971 1661 3045; x_wconf 91' lang='lat' dir='ltr'>per</span> <span class='ocrx_word' id='word_1_158' title='bbox 1687 2945 1857 3045; x_wconf 88' lang='lat' dir='ltr'>Angliam</span> <span class='ocrx_word' id='word_1_159' title='bbox 1881 2947 1988 3020; x_wconf 88' lang='lat' dir='ltr'>semel</span> <span class='ocrx_word' id='word_1_160' title='bbox 2012 2949 2048 3020; x_wconf 91' lang='lat' dir='ltr'>in</span> 
     </span>
     <span class='ocr_line' id='line_1_20' title="bbox 589 3065 2048 3164; baseline -0.001 -23"><span class='ocrx_word' id='word_1_161' title='bbox 589 3066 790 3141; x_wconf 88' lang='lat' dir='ltr'>ebdomada</span> <span class='ocrx_word' id='word_1_162' title='bbox 821 3067 939 3139; x_wconf 92' lang='lat' dir='ltr'>divina</span> <span class='ocrx_word' id='word_1_163' title='bbox 963 3065 1143 3140; x_wconf 89' lang='lat' dir='ltr'>celebrare</span> <span class='ocrx_word' id='word_1_164' title='bbox 1165 3066 1293 3151; x_wconf 88' lang='lat' dir='ltr'>officia,</span> <span class='ocrx_word' id='word_1_165' title='bbox 1312 3090 1400 3139; x_wconf 85' lang='lat' dir='ltr'>voce</span> <span class='ocrx_word' id='word_1_166' title='bbox 1418 3065 1593 3151; x_wconf 84' lang='lat' dir='ltr'>submiffa,</span> <span class='ocrx_word' id='word_1_167' title='bbox 1608 3065 1728 3164; x_wconf 88' lang='lat' dir='ltr'>januis</span> <span class='ocrx_word' id='word_1_168' title='bbox 1746 3065 1882 3151; x_wconf 77' lang='lat' dir='ltr'>clausis,</span> <span class='ocrx_word' id='word_1_169' title='bbox 1901 3066 2048 3141; x_wconf 88' lang='lat' dir='ltr'>exclufis</span> 
     </span>
     <span class='ocr_line' id='line_1_21' title="bbox 588 3186 813 3261; baseline -0.009 0"><span class='ocrx_word' id='word_1_170' title='bbox 588 3186 813 3261; x_wconf 87' lang='lat' dir='ltr'>secularibus.</span> 
     </span>
    </p>

    <p class='ocr_par' dir='ltr' id='par_1_10' title="bbox 587 3292 2050 4101">
     <span class='ocr_line' id='line_1_22' title="bbox 641 3292 2050 3406; baseline -0.001 -24"><span class='ocrx_word' id='word_1_171' title='bbox 641 3308 747 3382; x_wconf 85' lang='lat' dir='ltr'>Circa</span> <span class='ocrx_word' id='word_1_172' title='bbox 770 3307 897 3381; x_wconf 87' lang='lat' dir='ltr'>festum</span> <span class='ocrx_word' id='word_1_173' title='bbox 926 3306 1038 3380; x_wconf 69' lang='lat' dir='ltr'>sancti</span> <span class='ocrx_word' id='word_1_174' title='bbox 1066 3305 1193 3381; x_wconf 88' lang='lat' dir='ltr'>Jacobi</span> <span class='ocrx_word' id='word_1_175' title='bbox 1220 3306 1309 3405; x_wconf 88' lang='lat' dir='ltr'>[Jul.</span> <span class='ocrx_word' id='word_1_176' title='bbox 1334 3306 1398 3405; x_wconf 81' lang='lat'>25]</span> <span class='ocrx_word' id='word_1_177' title='bbox 1425 3331 1487 3380; x_wconf 86' lang='lat' dir='ltr'>rex</span> <span class='ocrx_word' id='word_1_178' title='bbox 1515 3292 1648 3406; x_wconf 79' lang='lat' dir='ltr'>Anglie</span> <span class='ocrx_word' id='word_1_179' title='bbox 1672 3319 1708 3381; x_wconf 90' lang='lat' dir='ltr'>et</span> <span class='ocrx_word' id='word_1_180' title='bbox 1734 3332 1795 3381; x_wconf 85' lang='lat' dir='ltr'>rex</span> <span class='ocrx_word' id='word_1_181' title='bbox 1823 3307 1944 3382; x_wconf 90' lang='lat' dir='ltr'>Scotie</span> <span class='ocrx_word' id='word_1_182' title='bbox 1969 3333 2050 3381; x_wconf 90' lang='lat' dir='ltr'>curn</span> 
     </span>
     <span class='ocr_line' id='line_1_23' title="bbox 589 3426 2050 3530; baseline -0.001 -28"><span class='ocrx_word' id='word_1_183' title='bbox 589 3428 801 3502; x_wconf 84' lang='lat' dir='ltr'>exercitibus</span> <span class='ocrx_word' id='word_1_184' title='bbox 819 3429 889 3502; x_wconf 90' lang='lat' dir='ltr'>suis</span> <span class='ocrx_word' id='word_1_185' title='bbox 907 3427 1105 3501; x_wconf 86' lang='lat' dir='ltr'>adinvicem</span> <span class='ocrx_word' id='word_1_186' title='bbox 1129 3438 1368 3511; x_wconf 89' lang='lat' dir='ltr'>occurrerunt,</span> <span class='ocrx_word' id='word_1_187' title='bbox 1387 3426 1448 3500; x_wconf 92' lang='lat' dir='ltr'>ubi</span> <span class='ocrx_word' id='word_1_188' title='bbox 1472 3452 1599 3526; x_wconf 89' lang='lat' dir='ltr'>pacem</span> <span class='ocrx_word' id='word_1_189' title='bbox 1617 3427 1708 3500; x_wconf 90' lang='lat' dir='ltr'>inter</span> <span class='ocrx_word' id='word_1_190' title='bbox 1732 3452 1794 3501; x_wconf 90' lang='lat' dir='ltr'>eos</span> <span class='ocrx_word' id='word_1_191' title='bbox 1815 3428 2050 3530; x_wconf 83' lang='lat' dir='ltr'>pepigerunt3</span> 
     </span>
     <span class='ocr_line' id='line_1_24' title="bbox 588 3546 2050 3647; baseline 0 -25"><span class='ocrx_word' id='word_1_192' title='bbox 588 3551 636 3622; x_wconf 93' lang='lat' dir='ltr'>ita</span> <span class='ocrx_word' id='word_1_193' title='bbox 667 3561 786 3622; x_wconf 89' lang='lat' dir='ltr'>tamen</span> <span class='ocrx_word' id='word_1_194' title='bbox 815 3549 911 3647; x_wconf 91' lang='lat' dir='ltr'>quod</span> <span class='ocrx_word' id='word_1_195' title='bbox 943 3574 1003 3622; x_wconf 86' lang='lat' dir='ltr'>rex</span> <span class='ocrx_word' id='word_1_196' title='bbox 1035 3548 1239 3622; x_wconf 88' lang='lat' dir='ltr'>Scottorum</span> <span class='ocrx_word' id='word_1_197' title='bbox 1270 3548 1345 3647; x_wconf 85' lang='lat' dir='ltr'>regi</span> <span class='ocrx_word' id='word_1_198' title='bbox 1378 3546 1579 3647; x_wconf 81' lang='lat' dir='ltr'>Anglorum</span> <span class='ocrx_word' id='word_1_199' title='bbox 1607 3547 1697 3621; x_wconf 89' lang='lat' dir='ltr'>duas</span> <span class='ocrx_word' id='word_1_200' title='bbox 1723 3548 1814 3622; x_wconf 85' lang='lat' dir='ltr'>filias</span> <span class='ocrx_word' id='word_1_201' title='bbox 1842 3550 1922 3623; x_wconf 86' lang='lat' dir='ltr'>suas</span> <span class='ocrx_word' id='word_1_202' title='bbox 1952 3549 2050 3624; x_wconf 88' lang='lat' dir='ltr'>dedit</span> 
     </span>
     <span class='ocr_line' id='line_1_25' title="bbox 587 3666 2049 3767; baseline 0 -25"><span class='ocrx_word' id='word_1_203' title='bbox 587 3668 833 3754; x_wconf 88' lang='lat' dir='ltr'>maritandas,h</span> <span class='ocrx_word' id='word_1_204' title='bbox 859 3694 941 3742; x_wconf 87' lang='lat' dir='ltr'>curn</span> <span class='ocrx_word' id='word_1_205' title='bbox 965 3669 1037 3767; x_wconf 86' lang='lat' dir='ltr'>xiij.</span> <span class='ocrx_word' id='word_1_206' title='bbox 1065 3667 1219 3741; x_wconf 91' lang='lat' dir='ltr'>millibus</span> <span class='ocrx_word' id='word_1_207' title='bbox 1241 3667 1422 3752; x_wconf 91' lang='lat' dir='ltr'>librarum,</span> <span class='ocrx_word' id='word_1_208' title='bbox 1446 3680 1482 3741; x_wconf 88' lang='lat' dir='ltr'>et</span> <span class='ocrx_word' id='word_1_209' title='bbox 1505 3668 1600 3767; x_wconf 88' lang='lat' dir='ltr'>cepit</span> <span class='ocrx_word' id='word_1_210' title='bbox 1623 3666 1803 3741; x_wconf 89' lang='lat' dir='ltr'>licentiam</span> <span class='ocrx_word' id='word_1_211' title='bbox 1825 3668 2049 3744; x_wconf 88' lang='lat' dir='ltr'>subvertendi</span> 
     </span>
     <span class='ocr_line' id='line_1_26' title="bbox 588 3787 2049 3888; baseline 0.001 -27"><span class='ocrx_word' id='word_1_212' title='bbox 588 3788 770 3862; x_wconf 76' lang='lat' dir='ltr'>cristallum</span> <span class='ocrx_word' id='word_1_213' title='bbox 788 3788 885 3887; x_wconf 91' lang='lat' dir='ltr'>quod</span> <span class='ocrx_word' id='word_1_214' title='bbox 903 3789 1064 3861; x_wconf 68' lang='lat' dir='ltr'>ereetum</span> <span class='ocrx_word' id='word_1_215' title='bbox 1081 3788 1148 3861; x_wconf 89' lang='lat' dir='ltr'>fuit</span> <span class='ocrx_word' id='word_1_216' title='bbox 1166 3800 1289 3861; x_wconf 88' lang='lat' dir='ltr'>contra</span> <span class='ocrx_word' id='word_1_217' title='bbox 1310 3787 1456 3872; x_wconf 89' lang='lat' dir='ltr'>Berwic,</span> <span class='ocrx_word' id='word_1_218' title='bbox 1478 3788 1573 3886; x_wconf 90' lang='lat' dir='ltr'>quod</span> <span class='ocrx_word' id='word_1_219' title='bbox 1593 3799 1629 3861; x_wconf 91' lang='lat' dir='ltr'>et</span> <span class='ocrx_word' id='word_1_220' title='bbox 1646 3788 1785 3862; x_wconf 72' lang='lat' dir='ltr'>facturn</span> <span class='ocrx_word' id='word_1_221' title='bbox 1804 3788 1865 3863; x_wconf 87' lang='lat' dir='ltr'>est.</span> <span class='ocrx_word' id='word_1_222' title='bbox 1919 3787 1968 3862; x_wconf 88' lang='lat' dir='ltr'>Et</span> <span class='ocrx_word' id='word_1_223' title='bbox 1986 3815 2049 3888; x_wconf 90' lang='lat' dir='ltr'>pro</span> 
     </span>
     <span class='ocr_line' id='line_1_27' title="bbox 588 3905 2050 4008; baseline 0.001 -27"><span class='ocrx_word' id='word_1_224' title='bbox 588 3934 677 4008; x_wconf 88' lang='lat' dir='ltr'>pace</span> <span class='ocrx_word' id='word_1_225' title='bbox 706 3908 861 3981; x_wconf 89' lang='lat' dir='ltr'>tenenda</span> <span class='ocrx_word' id='word_1_226' title='bbox 887 3907 986 3981; x_wconf 90' lang='lat' dir='ltr'>dedit</span> <span class='ocrx_word' id='word_1_227' title='bbox 1013 3908 1045 3980; x_wconf 95' lang='lat' dir='ltr'>ei</span> <span class='ocrx_word' id='word_1_228' title='bbox 1076 3905 1213 3980; x_wconf 84' lang='lat' dir='ltr'>obsides</span> <span class='ocrx_word' id='word_1_229' title='bbox 1240 3907 1329 3980; x_wconf 91' lang='lat' dir='ltr'>filios</span> <span class='ocrx_word' id='word_1_230' title='bbox 1355 3906 1547 4005; x_wconf 89' lang='lat' dir='ltr'>proborum</span> <span class='ocrx_word' id='word_1_231' title='bbox 1576 3906 1761 3980; x_wconf 92' lang='lat' dir='ltr'>hominum</span> <span class='ocrx_word' id='word_1_232' title='bbox 1791 3920 1883 3982; x_wconf 88' lang='lat' dir='ltr'>terre</span> <span class='ocrx_word' id='word_1_233' title='bbox 1913 3910 1986 3993; x_wconf 86' lang='lat' dir='ltr'>sne,</span> <span class='ocrx_word' id='word_1_234' title='bbox 2013 3922 2050 3982; x_wconf 91' lang='lat' dir='ltr'>et</span> 
     </span>
     <span class='ocr_line' id='line_1_28' title="bbox 587 4026 1369 4101; baseline 0 -1"><span class='ocrx_word' id='word_1_235' title='bbox 587 4028 687 4101; x_wconf 70' lang='lat' dir='ltr'>facta</span> <span class='ocrx_word' id='word_1_236' title='bbox 705 4027 755 4100; x_wconf 89' lang='lat' dir='ltr'>est</span> <span class='ocrx_word' id='word_1_237' title='bbox 773 4039 895 4100; x_wconf 90' lang='lat' dir='ltr'>contra</span> <span class='ocrx_word' id='word_1_238' title='bbox 913 4028 1131 4101; x_wconf 72' lang='lat' dir='ltr'>voluntatem</span> <span class='ocrx_word' id='word_1_239' title='bbox 1155 4026 1369 4100; x_wconf 89' lang='lat' dir='ltr'>Scottorum.</span> 
     </span>
    </p>
   </div>
   <div class='ocr_carea' id='block_1_3' title="bbox 584 4171 2056 5086">
    <p class='ocr_par' dir='ltr' id='par_1_11' title="bbox 584 4171 2056 5086">
     <span class='ocr_line' id='line_1_29' title="bbox 633 4171 2056 4245; baseline 0.001 -19"><span class='ocrx_word' id='word_1_240' title='bbox 633 4175 645 4204; x_wconf 79' lang='lat' dir='ltr'>a</span> <span class='ocrx_word' id='word_1_241' title='bbox 668 4174 691 4227; x_wconf 90' lang='lat' dir='ltr'>lt</span> <span class='ocrx_word' id='word_1_242' title='bbox 705 4174 726 4226; x_wconf 87' lang='lat' dir='ltr'>is</span> <span class='ocrx_word' id='word_1_243' title='bbox 739 4172 850 4227; x_wconf 84' lang='lat' dir='ltr'>difficolt</span> <span class='ocrx_word' id='word_1_244' title='bbox 860 4184 888 4227; x_wconf 92' lang='lat' dir='ltr'>to</span> <span class='ocrx_word' id='word_1_245' title='bbox 901 4174 1030 4227; x_wconf 87' lang='lat' dir='ltr'>reconcile</span> <span class='ocrx_word' id='word_1_246' title='bbox 1043 4174 1096 4227; x_wconf 87' lang='lat' dir='ltr'>this</span> <span class='ocrx_word' id='word_1_247' title='bbox 1109 4172 1173 4226; x_wconf 88' lang='lat' dir='ltr'>with</span> <span class='ocrx_word' id='word_1_248' title='bbox 1186 4173 1233 4226; x_wconf 90' lang='lat' dir='ltr'>the</span> <span class='ocrx_word' id='word_1_249' title='bbox 1251 4174 1340 4226; x_wconf 88' lang='lat' dir='ltr'>notice</span> <span class='ocrx_word' id='word_1_250' title='bbox 1352 4171 1384 4226; x_wconf 86' lang='lat' dir='ltr'>of</span> <span class='ocrx_word' id='word_1_251' title='bbox 1398 4173 1444 4226; x_wconf 89' lang='lat' dir='ltr'>the</span> <span class='ocrx_word' id='word_1_252' title='bbox 1457 4173 1538 4226; x_wconf 89' lang='lat' dir='ltr'>abbot</span> <span class='ocrx_word' id='word_1_253' title='bbox 1550 4172 1583 4227; x_wconf 82' lang='lat' dir='ltr'>of</span> <span class='ocrx_word' id='word_1_254' title='bbox 1593 4173 1723 4237; x_wconf 83' lang='lat' dir='ltr'>Alnwick,</span> <span class='ocrx_word' id='word_1_255' title='bbox 1743 4174 1770 4226; x_wconf 88' lang='lat' dir='ltr'>in</span> <span class='ocrx_word' id='word_1_256' title='bbox 1783 4172 1830 4227; x_wconf 89' lang='lat' dir='ltr'>the</span> <span class='ocrx_word' id='word_1_257' title='bbox 1844 4173 1940 4227; x_wconf 85' lang='lat' dir='ltr'>former</span> <span class='ocrx_word' id='word_1_258' title='bbox 1951 4184 2011 4245; x_wconf 81' lang='lat' dir='ltr'>port</span> <span class='ocrx_word' id='word_1_259' title='bbox 2023 4174 2056 4227; x_wconf 85' lang='lat' dir='ltr'>of</span> 
     </span>
     <span class='ocr_line' id='line_1_30' title="bbox 587 4256 2048 4328; baseline 0 -17"><span class='ocrx_word' id='word_1_260' title='bbox 587 4258 640 4311; x_wconf 89' lang='lat' dir='ltr'>this</span> <span class='ocrx_word' id='word_1_261' title='bbox 658 4275 729 4328; x_wconf 86' lang='lat' dir='ltr'>year.</span> <span class='ocrx_word' id='word_1_262' title='bbox 872 4258 922 4310; x_wconf 87' lang='lat' dir='ltr'>See</span> <span class='ocrx_word' id='word_1_263' title='bbox 937 4258 1049 4319; x_wconf 83' lang='lat' dir='ltr'>Fordua,</span> <span class='ocrx_word' id='word_1_264' title='bbox 1070 4258 1087 4310; x_wconf 91' lang='lat' dir='ltr'>i.</span> <span class='ocrx_word' id='word_1_265' title='bbox 1107 4260 1169 4319; x_wconf 78' lang='lat'>525,</span> <span class='ocrx_word' id='word_1_266' title='bbox 1184 4260 1250 4316; x_wconf 75' lang='lat'>5263</span> <span class='ocrx_word' id='word_1_267' title='bbox 1276 4256 1321 4310; x_wconf 85' lang='lat' dir='ltr'>M.</span> <span class='ocrx_word' id='word_1_268' title='bbox 1337 4258 1421 4317; x_wconf 75' lang='lat' dir='ltr'>Paris,</span> <span class='ocrx_word' id='word_1_269' title='bbox 1436 4273 1463 4326; x_wconf 87' lang='lat' dir='ltr'>p.</span> <span class='ocrx_word' id='word_1_270' title='bbox 1481 4260 1540 4310; x_wconf 81' lang='lat'>158.</span> <span class='ocrx_word' id='word_1_271' title='bbox 1581 4257 1605 4309; x_wconf 88' lang='lat' dir='ltr'>lt</span> <span class='ocrx_word' id='word_1_272' title='bbox 1621 4274 1732 4327; x_wconf 83' lang='lat' dir='ltr'>appears</span> <span class='ocrx_word' id='word_1_273' title='bbox 1750 4256 1816 4311; x_wconf 81' lang='lat' dir='ltr'>from</span> <span class='ocrx_word' id='word_1_274' title='bbox 1834 4256 1882 4311; x_wconf 91' lang='lat' dir='ltr'>the</span> <span class='ocrx_word' id='word_1_275' title='bbox 1901 4258 1962 4312; x_wconf 76' lang='lat' dir='ltr'>tta.</span> <span class='ocrx_word' id='word_1_276' title='bbox 1978 4259 2048 4321; x_wconf 79' lang='lat' dir='ltr'>Par..</span> 
     </span>
     <span class='ocr_line' id='line_1_31' title="bbox 591 4340 2048 4411; baseline 0.001 -17"><span class='ocrx_word' id='word_1_277' title='bbox 591 4340 654 4395; x_wconf 76' lang='lat' dir='ltr'>loth</span> <span class='ocrx_word' id='word_1_278' title='bbox 679 4341 762 4410; x_wconf 80' lang='lat' dir='ltr'>April,</span> <span class='ocrx_word' id='word_1_279' title='bbox 786 4344 818 4393; x_wconf 93' lang='lat'>10</span> <span class='ocrx_word' id='word_1_280' title='bbox 837 4340 918 4403; x_wconf 88' lang='lat' dir='ltr'>John,</span> <span class='ocrx_word' id='word_1_281' title='bbox 939 4341 999 4394; x_wconf 88' lang='lat' dir='ltr'>that</span> <span class='ocrx_word' id='word_1_282' title='bbox 1014 4341 1129 4395; x_wconf 90' lang='lat' dir='ltr'>William</span> <span class='ocrx_word' id='word_1_283' title='bbox 1149 4340 1202 4393; x_wconf 92' lang='lat' dir='ltr'>had</span> <span class='ocrx_word' id='word_1_284' title='bbox 1221 4358 1238 4393; x_wconf 92' lang='lat' dir='ltr'>a</span> <span class='ocrx_word' id='word_1_285' title='bbox 1255 4340 1439 4395; x_wconf 83' lang='lat' dir='ltr'>sale-conduct</span> <span class='ocrx_word' id='word_1_286' title='bbox 1459 4340 1538 4393; x_wconf 84' lang='lat' dir='ltr'>when</span> <span class='ocrx_word' id='word_1_287' title='bbox 1557 4341 1661 4410; x_wconf 82' lang='lat' dir='ltr'>coming</span> <span class='ocrx_word' id='word_1_288' title='bbox 1680 4350 1709 4395; x_wconf 93' lang='lat' dir='ltr'>to</span> <span class='ocrx_word' id='word_1_289' title='bbox 1727 4340 1774 4394; x_wconf 86' lang='lat' dir='ltr'>the</span> <span class='ocrx_word' id='word_1_290' title='bbox 1792 4341 1854 4411; x_wconf 88' lang='lat' dir='ltr'>king</span> <span class='ocrx_word' id='word_1_291' title='bbox 1872 4341 1904 4395; x_wconf 87' lang='lat' dir='ltr'>ol&#39;</span> <span class='ocrx_word' id='word_1_292' title='bbox 1919 4341 2048 4411; x_wconf 85' lang='lat' dir='ltr'>England.</span> 
     </span>
     <span class='ocr_line' id='line_1_32' title="bbox 588 4425 2050 4497; baseline -0.001 -17"><span class='ocrx_word' id='word_1_293' title='bbox 588 4426 598 4455; x_wconf 77' lang='lat'><strong><em>¹</em></strong></span> <span class='ocrx_word' id='word_1_294' title='bbox 620 4426 685 4480; x_wconf 85' lang='lat' dir='ltr'>This</span> <span class='ocrx_word' id='word_1_295' title='bbox 699 4444 753 4478; x_wconf 87' lang='lat' dir='ltr'>was</span> <span class='ocrx_word' id='word_1_296' title='bbox 769 4425 838 4478; x_wconf 82' lang='lat' dir='ltr'>Alan</span> <span class='ocrx_word' id='word_1_297' title='bbox 850 4426 897 4479; x_wconf 90' lang='lat' dir='ltr'>the</span> <span class='ocrx_word' id='word_1_298' title='bbox 910 4443 959 4479; x_wconf 88' lang='lat' dir='ltr'>son</span> <span class='ocrx_word' id='word_1_299' title='bbox 972 4425 1004 4478; x_wconf 82' lang='lat' dir='ltr'>os</span> <span class='ocrx_word' id='word_1_300' title='bbox 1013 4426 1126 4488; x_wconf 80' lang='lat' dir='ltr'>Rohnd,</span> <span class='ocrx_word' id='word_1_301' title='bbox 1146 4425 1236 4479; x_wconf 81' lang='lat' dir='ltr'>fourth</span> <span class='ocrx_word' id='word_1_302' title='bbox 1249 4426 1307 4478; x_wconf 88' lang='lat' dir='ltr'>lord</span> <span class='ocrx_word' id='word_1_303' title='bbox 1319 4425 1350 4479; x_wconf 88' lang='lat' dir='ltr'>of</span> <span class='ocrx_word' id='word_1_304' title='bbox 1360 4426 1507 4496; x_wconf 88' lang='lat' dir='ltr'>Galloway.</span> <span class='ocrx_word' id='word_1_305' title='bbox 1653 4425 1665 4457; x_wconf 77' lang='lat'><em>¹</em></span> <span class='ocrx_word' id='word_1_306' title='bbox 1685 4426 1832 4497; x_wconf 72' lang='lat' dir='ltr'>Bromptm,</span> <span class='ocrx_word' id='word_1_307' title='bbox 1848 4426 1898 4480; x_wconf 90' lang='lat' dir='ltr'>col.</span> <span class='ocrx_word' id='word_1_308' title='bbox 1914 4430 1976 4487; x_wconf 81' lang='lat'><strong>975,</strong></span> <span class='ocrx_word' id='word_1_309' title='bbox 1989 4443 2050 4495; x_wconf 81' lang='lat' dir='ltr'>says</span> 
     </span>
     <span class='ocr_line' id='line_1_33' title="bbox 587 4508 2050 4580; baseline 0 -17"><span class='ocrx_word' id='word_1_310' title='bbox 587 4510 645 4563; x_wconf 86' lang='lat' dir='ltr'>that</span> <span class='ocrx_word' id='word_1_311' title='bbox 659 4510 706 4563; x_wconf 89' lang='lat' dir='ltr'>her</span> <span class='ocrx_word' id='word_1_312' title='bbox 719 4527 795 4562; x_wconf 87' lang='lat' dir='ltr'>name</span> <span class='ocrx_word' id='word_1_313' title='bbox 808 4527 863 4562; x_wconf 84' lang='lat' dir='ltr'>was</span> <span class='ocrx_word' id='word_1_314' title='bbox 878 4510 998 4571; x_wconf 88' lang='lat' dir='ltr'>Cristian‚</span> <span class='ocrx_word' id='word_1_315' title='bbox 1014 4510 1102 4563; x_wconf 87' lang='lat' dir='ltr'>which</span> <span class='ocrx_word' id='word_1_316' title='bbox 1115 4520 1229 4564; x_wconf 79' lang='lat' dir='ltr'>correcta</span> <span class='ocrx_word' id='word_1_317' title='bbox 1248 4527 1282 4563; x_wconf 90' lang='lat' dir='ltr'>an</span> <span class='ocrx_word' id='word_1_318' title='bbox 1295 4527 1366 4564; x_wconf 90' lang='lat' dir='ltr'>error</span> <span class='ocrx_word' id='word_1_319' title='bbox 1384 4511 1440 4563; x_wconf 91' lang='lat' dir='ltr'>into</span> <span class='ocrx_word' id='word_1_320' title='bbox 1453 4509 1541 4563; x_wconf 92' lang='lat' dir='ltr'>which</span> <span class='ocrx_word' id='word_1_321' title='bbox 1554 4511 1678 4580; x_wconf 83' lang='lat' dir='ltr'>Dugdale</span> <span class='ocrx_word' id='word_1_322' title='bbox 1690 4509 1738 4563; x_wconf 82' lang='lat' dir='ltr'>has</span> <span class='ocrx_word' id='word_1_323' title='bbox 1750 4510 1830 4565; x_wconf 83' lang='lat' dir='ltr'>fallen</span> <span class='ocrx_word' id='word_1_324' title='bbox 1847 4510 1875 4563; x_wconf 92' lang='lat' dir='ltr'>in</span> <span class='ocrx_word' id='word_1_325' title='bbox 1894 4508 1936 4563; x_wconf 88' lang='lat' dir='ltr'>his</span> <span class='ocrx_word' id='word_1_326' title='bbox 1950 4510 2050 4563; x_wconf 77' lang='lat' dir='ltr'>Baton·</span> 
     </span>
     <span class='ocr_line' id='line_1_34' title="bbox 587 4592 2050 4664; baseline 0.001 -18"><span class='ocrx_word' id='word_1_327' title='bbox 587 4612 642 4664; x_wconf 88' lang='lat' dir='ltr'>age,</span> <span class='ocrx_word' id='word_1_328' title='bbox 656 4594 674 4646; x_wconf 88' lang='lat' dir='ltr'>i.</span> <span class='ocrx_word' id='word_1_329' title='bbox 688 4598 750 4655; x_wconf 83' lang='lat'><strong>609,</strong></span> <span class='ocrx_word' id='word_1_330' title='bbox 766 4592 854 4647; x_wconf 87' lang='lat' dir='ltr'>where</span> <span class='ocrx_word' id='word_1_331' title='bbox 867 4592 902 4647; x_wconf 91' lang='lat' dir='ltr'>he</span> <span class='ocrx_word' id='word_1_332' title='bbox 915 4593 977 4648; x_wconf 87' lang='lat' dir='ltr'>calls</span> <span class='ocrx_word' id='word_1_333' title='bbox 991 4593 1038 4647; x_wconf 90' lang='lat' dir='ltr'>her</span> <span class='ocrx_word' id='word_1_334' title='bbox 1054 4593 1192 4663; x_wconf 85' lang='lat' dir='ltr'>Margaret.</span> <span class='ocrx_word' id='word_1_335' title='bbox 1291 4593 1304 4623; x_wconf 83' lang='lat'>¹¹</span> <span class='ocrx_word' id='word_1_336' title='bbox 1321 4594 1370 4646; x_wconf 91' lang='lat' dir='ltr'>His</span> <span class='ocrx_word' id='word_1_337' title='bbox 1383 4593 1511 4663; x_wconf 75' lang='lat' dir='ltr'>daughter</span> <span class='ocrx_word' id='word_1_338' title='bbox 1526 4594 1657 4663; x_wconf 77' lang='lat' dir='ltr'>Margaret</span> <span class='ocrx_word' id='word_1_339' title='bbox 1669 4611 1724 4647; x_wconf 86' lang='lat' dir='ltr'>was</span> <span class='ocrx_word' id='word_1_340' title='bbox 1737 4592 1928 4664; x_wconf 82' lang='lat' dir='ltr'>subsequently</span> <span class='ocrx_word' id='word_1_341' title='bbox 1939 4594 2050 4647; x_wconf 86' lang='lat' dir='ltr'>married</span> 
     </span>
     <span class='ocr_line' id='line_1_35' title="bbox 587 4675 2050 4749; baseline -0.001 -18"><span class='ocrx_word' id='word_1_342' title='bbox 587 4690 615 4731; x_wconf 93' lang='lat' dir='ltr'>to</span> <span class='ocrx_word' id='word_1_343' title='bbox 631 4680 735 4732; x_wconf 89' lang='lat' dir='ltr'>Hubert</span> <span class='ocrx_word' id='word_1_344' title='bbox 747 4678 780 4732; x_wconf 91' lang='lat' dir='ltr'>de</span> <span class='ocrx_word' id='word_1_345' title='bbox 796 4679 890 4748; x_wconf 89' lang='lat' dir='ltr'>Burgo‚</span> <span class='ocrx_word' id='word_1_346' title='bbox 911 4679 1001 4749; x_wconf 84' lang='lat' dir='ltr'>Dugd.</span> <span class='ocrx_word' id='word_1_347' title='bbox 1016 4680 1112 4731; x_wconf 72' lang='lat' dir='ltr'>Baton.</span> <span class='ocrx_word' id='word_1_348' title='bbox 1135 4678 1152 4730; x_wconf 93' lang='lat' dir='ltr'>i.</span> <span class='ocrx_word' id='word_1_349' title='bbox 1166 4682 1228 4739; x_wconf 81' lang='grc'>694,</span> <span class='ocrx_word' id='word_1_350' title='bbox 1250 4677 1302 4731; x_wconf 89' lang='lat' dir='ltr'>and</span> <span class='ocrx_word' id='word_1_351' title='bbox 1317 4678 1429 4732; x_wconf 90' lang='lat' dir='ltr'>Isabella</span> <span class='ocrx_word' id='word_1_352' title='bbox 1441 4687 1469 4731; x_wconf 93' lang='lat' dir='ltr'>to</span> <span class='ocrx_word' id='word_1_353' title='bbox 1484 4678 1579 4747; x_wconf 80' lang='lat' dir='ltr'>Roget,</span> <span class='ocrx_word' id='word_1_354' title='bbox 1595 4695 1644 4730; x_wconf 90' lang='lat' dir='ltr'>son</span> <span class='ocrx_word' id='word_1_355' title='bbox 1657 4675 1689 4730; x_wconf 82' lang='lat' dir='ltr'>of</span> <span class='ocrx_word' id='word_1_356' title='bbox 1698 4677 1779 4747; x_wconf 86' lang='lat' dir='ltr'>Hugh</span> <span class='ocrx_word' id='word_1_357' title='bbox 1794 4677 1879 4748; x_wconf 79' lang='lat' dir='ltr'>Bigot,</span> <span class='ocrx_word' id='word_1_358' title='bbox 1894 4676 1984 4732; x_wconf 87' lang='lat' dir='ltr'>fourth</span> <span class='ocrx_word' id='word_1_359' title='bbox 1996 4677 2050 4731; x_wconf 87' lang='lat' dir='ltr'>earl</span> 
     </span>
     <span class='ocr_line' id='line_1_36' title="bbox 586 4761 2050 4833; baseline 0 -18"><span class='ocrx_word' id='word_1_360' title='bbox 586 4762 619 4815; x_wconf 81' lang='lat' dir='ltr'>ol</span> <span class='ocrx_word' id='word_1_361' title='bbox 628 4762 748 4825; x_wconf 81' lang='lat' dir='ltr'>Norlolk‚</span> <span class='ocrx_word' id='word_1_362' title='bbox 764 4781 779 4817; x_wconf 91' lang='lat' dir='ltr'>a</span> <span class='ocrx_word' id='word_1_363' title='bbox 792 4761 845 4816; x_wconf 85' lang='lat' dir='ltr'>fact</span> <span class='ocrx_word' id='word_1_364' title='bbox 857 4762 953 4824; x_wconf 82' lang='lat' dir='ltr'>which,</span> <span class='ocrx_word' id='word_1_365' title='bbox 973 4761 998 4814; x_wconf 87' lang='lat' dir='ltr'>if</span> <span class='ocrx_word' id='word_1_366' title='bbox 1006 4774 1113 4825; x_wconf 85' lang='lat' dir='ltr'>correct,</span> <span class='ocrx_word' id='word_1_367' title='bbox 1135 4780 1220 4815; x_wconf 86' lang='lat' dir='ltr'>seems</span> <span class='ocrx_word' id='word_1_368' title='bbox 1233 4772 1261 4815; x_wconf 92' lang='lat' dir='ltr'>to</span> <span class='ocrx_word' id='word_1_369' title='bbox 1275 4762 1343 4815; x_wconf 86' lang='lat' dir='ltr'>have</span> <span class='ocrx_word' id='word_1_370' title='bbox 1358 4762 1472 4833; x_wconf 84' lang='lat' dir='ltr'>escaped</span> <span class='ocrx_word' id='word_1_371' title='bbox 1484 4762 1614 4832; x_wconf 80' lang='lat' dir='ltr'>Dugdale,</span> <span class='ocrx_word' id='word_1_372' title='bbox 1629 4779 1657 4831; x_wconf 89' lang='lat' dir='ltr'>p.</span> <span class='ocrx_word' id='word_1_373' title='bbox 1674 4766 1733 4815; x_wconf 82' lang='lat'>135.</span> <span class='ocrx_word' id='word_1_374' title='bbox 1773 4762 1834 4815; x_wconf 89' lang='lat' dir='ltr'>The</span> <span class='ocrx_word' id='word_1_375' title='bbox 1847 4772 1933 4832; x_wconf 85' lang='lat' dir='ltr'>treaty</span> <span class='ocrx_word' id='word_1_376' title='bbox 1944 4778 2005 4831; x_wconf 86' lang='lat' dir='ltr'>may</span> <span class='ocrx_word' id='word_1_377' title='bbox 2016 4763 2050 4815; x_wconf 88' lang='lat' dir='ltr'>be</span> 
     </span>
     <span class='ocr_line' id='line_1_37' title="bbox 585 4844 2051 4907; baseline -0.001 -7"><span class='ocrx_word' id='word_1_378' title='bbox 585 4864 649 4900; x_wconf 88' lang='lat' dir='ltr'>seen</span> <span class='ocrx_word' id='word_1_379' title='bbox 662 4848 688 4900; x_wconf 91' lang='lat' dir='ltr'>in</span> <span class='ocrx_word' id='word_1_380' title='bbox 701 4847 748 4900; x_wconf 91' lang='lat' dir='ltr'>the</span> <span class='ocrx_word' id='word_1_381' title='bbox 763 4848 834 4900; x_wconf 81' lang='lat' dir='ltr'>Foed.</span> <span class='ocrx_word' id='word_1_382' title='bbox 848 4847 866 4900; x_wconf 91' lang='lat' dir='ltr'>i.</span> <span class='ocrx_word' id='word_1_383' title='bbox 883 4850 942 4899; x_wconf 87' lang='grc'><strong>103.</strong></span> <span class='ocrx_word' id='word_1_384' title='bbox 987 4848 1084 4906; x_wconf 80' lang='lat' dir='ltr'>Triaet¹</span> <span class='ocrx_word' id='word_1_385' title='bbox 1098 4864 1115 4899; x_wconf 93' lang='lat' dir='ltr'>a</span> <span class='ocrx_word' id='word_1_386' title='bbox 1127 4847 1214 4899; x_wconf 86' lang='lat' dir='ltr'>writer</span> <span class='ocrx_word' id='word_1_387' title='bbox 1226 4845 1258 4898; x_wconf 88' lang='lat' dir='ltr'>os</span> <span class='ocrx_word' id='word_1_388' title='bbox 1272 4846 1319 4899; x_wconf 89' lang='lat' dir='ltr'>the</span> <span class='ocrx_word' id='word_1_389' title='bbox 1340 4846 1403 4899; x_wconf 86' lang='lat' dir='ltr'>time</span> <span class='ocrx_word' id='word_1_390' title='bbox 1416 4845 1448 4898; x_wconf 90' lang='lat' dir='ltr'>ol&#39;</span> <span class='ocrx_word' id='word_1_391' title='bbox 1467 4845 1582 4898; x_wconf 90' lang='lat' dir='ltr'>Edward</span> <span class='ocrx_word' id='word_1_392' title='bbox 1599 4845 1646 4898; x_wconf 89' lang='lat' dir='ltr'>the</span> <span class='ocrx_word' id='word_1_393' title='bbox 1667 4845 1743 4907; x_wconf 76' lang='lat' dir='ltr'>First</span> <span class='ocrx_word' id='word_1_394' title='bbox 1767 4856 1861 4905; x_wconf 81' lang='lat' dir='ltr'>states,</span> <span class='ocrx_word' id='word_1_395' title='bbox 1882 4846 1900 4899; x_wconf 91' lang='lat' dir='ltr'>i.</span> <span class='ocrx_word' id='word_1_396' title='bbox 1917 4848 1977 4907; x_wconf 82' lang='lat'>153,</span> <span class='ocrx_word' id='word_1_397' title='bbox 1991 4844 2051 4899; x_wconf 82' lang='lat' dir='ltr'>that</span> 
     </span>
     <span class='ocr_line' id='line_1_38' title="bbox 585 4928 2052 5000; baseline 0 -18"><span class='ocrx_word' id='word_1_398' title='bbox 585 4930 657 4983; x_wconf 92' lang='lat' dir='ltr'>John</span> <span class='ocrx_word' id='word_1_399' title='bbox 672 4949 725 4985; x_wconf 86' lang='lat' dir='ltr'>was</span> <span class='ocrx_word' id='word_1_400' title='bbox 735 4931 869 5000; x_wconf 83' lang='lat' dir='ltr'>indignant</span> <span class='ocrx_word' id='word_1_401' title='bbox 880 4932 994 4985; x_wconf 86' lang='lat' dir='ltr'>because</span> <span class='ocrx_word' id='word_1_402' title='bbox 1007 4930 1121 4983; x_wconf 90' lang='lat' dir='ltr'>William</span> <span class='ocrx_word' id='word_1_403' title='bbox 1133 4929 1185 4984; x_wconf 88' lang='lat' dir='ltr'>had</span> <span class='ocrx_word' id='word_1_404' title='bbox 1192 4930 1269 5000; x_wconf 72' lang='lat' dir='ltr'>g&#39;ren</span> <span class='ocrx_word' id='word_1_405' title='bbox 1283 4930 1323 4984; x_wconf 89' lang='lat' dir='ltr'>his</span> <span class='ocrx_word' id='word_1_406' title='bbox 1337 4929 1465 4999; x_wconf 83' lang='lat' dir='ltr'>daughter</span> <span class='ocrx_word' id='word_1_407' title='bbox 1477 4929 1504 4982; x_wconf 92' lang='lat' dir='ltr'>in</span> <span class='ocrx_word' id='word_1_408' title='bbox 1517 4928 1642 4999; x_wconf 87' lang='lat' dir='ltr'>marriage</span> <span class='ocrx_word' id='word_1_409' title='bbox 1655 4939 1683 4983; x_wconf 94' lang='lat' dir='ltr'>to</span> <span class='ocrx_word' id='word_1_410' title='bbox 1696 4929 1743 4983; x_wconf 89' lang='lat' dir='ltr'>the</span> <span class='ocrx_word' id='word_1_411' title='bbox 1755 4929 1810 4983; x_wconf 86' lang='lat' dir='ltr'>earl</span> <span class='ocrx_word' id='word_1_412' title='bbox 1822 4928 1854 4983; x_wconf 86' lang='lat' dir='ltr'>of</span> <span class='ocrx_word' id='word_1_413' title='bbox 1864 4928 1983 4999; x_wconf 86' lang='lat' dir='ltr'>Boloign‚</span> <span class='ocrx_word' id='word_1_414' title='bbox 1997 4930 2052 4983; x_wconf 86' lang='lat' dir='ltr'>aad</span> 
     </span>
     <span class='ocr_line' id='line_1_39' title="bbox 584 5013 1249 5086; baseline 0.003 -19"><span class='ocrx_word' id='word_1_415' title='bbox 584 5015 740 5085; x_wconf 85' lang='lat' dir='ltr'>proceeded,</span> <span class='ocrx_word' id='word_1_416' title='bbox 754 5016 782 5068; x_wconf 92' lang='lat' dir='ltr'>in</span> <span class='ocrx_word' id='word_1_417' title='bbox 795 5032 988 5086; x_wconf 84' lang='lat' dir='ltr'>consequence,</span> <span class='ocrx_word' id='word_1_418' title='bbox 1003 5015 1104 5085; x_wconf 87' lang='lat' dir='ltr'>against</span> <span class='ocrx_word' id='word_1_419' title='bbox 1115 5013 1249 5069; x_wconf 88' lang='lat' dir='ltr'>Scotland.</span> 
     </span>
    </p>
   </div>
   <div class='ocr_carea' id='block_1_4' title="bbox 0 0 2362 6421">
    <p class='ocr_par' dir='ltr' id='par_1_12' title="bbox 0 0 2362 6421">
     <span class='ocr_line' id='line_1_40' title="bbox 0 0 2362 6421; baseline 0 0"><span class='ocrx_word' id='word_1_420' title='bbox 0 0 2362 6421; x_wconf 95' lang='lat' dir='ltr'> </span> 
     </span>
    </p>
   </div>
  </div>
 </body>
</html>
