4716 6428
381 732 450 812 198
729 720 1048 800 CHRONICA
1079 718 1157 795 DE
1194 715 1481 795 MAILROS.
1602 717 1703 794 A.D.
1727 720 1839 806 1267.

328 999 341 1023 -.
379 956 544 1046 expertus
569 937 698 1026 fuerat,
723 944 842 1040 quam'
856 936 990 1039 preess'e
1012 937 1173 1039 tugurrio
1195 937 1452 1013 monachorum
1476 934 1523 1011 de
1552 934 1664 1023 Dore,
1687 939 1840 1040 quorum

378 1066 551 1140 fervidam
568 1063 778 1163 religionem
799 1066 983 1160 nunquam
1001 1084 1064 1160 per
1081 1083 1201 1132 veram
1219 1057 1475 1159 experientiam
1492 1057 1579 1133 scire
1596 1070 1755 1159 poterat;
1781 1063 1841 1137 cui

378 1185 536 1261 succeffit
553 1184 729 1284 dompnus
749 1180 873 1282 Hugo,
892 1180 1096 1255 cellerarius
1113 1177 1272 1279 ejusdem
1289 1178 1428 1253 domus.

431 1306 539 1381 Anno
559 1304 705 1380 Domini
723 1299 932 1402 u.cc.lxviij.
955 1299 1214 1401 primogenitus
1230 1299 1323 1374 filius
1343 1299 1439 1400 regis
1456 1299 1591 1400 Anglie
1610 1297 1840 1391 Eduuardus,

380 1427 536 1502 evadens
553 1425 598 1500 de
616 1424 775 1500 custodia
795 1421 1024 1506 Simonis-in
1044 1419 1201 1521 quadam
1218 1421 1364 1520 vespera
1385 1444 1469 1494 cum
1493 1419 1540 1493 ad
1564 1445 1670 1521 agros
1692 1420 1780 1498 isset·
1792 1424 1841 1499 od

379 1547 602 1649 spatiandum
627 1544 690 1622 fibi
715 1568 800 1618 cum
829 1541 1018 1642 perpaucis
1043 1540 1089 1616 de
1114 1525 1252 1615 lamilia
1281 1540 1449 1626 Simonis,
1475 1541 1600 1616 obvios
1624 1541 1688 1618 libi
1714 1542 1842 1620 habuit

379 1671 497 1769 plures
511 1695 555 1743 ex
572 1666 749 1749 marchiis,
767 1664 828 1764 qui
841 1663 919 1763 jam
936 1661 1075 1762 pridem
1091 1672 1194 1736 erant
1210 1672 1375 1738 tenentes
1392 1661 1470 1761 ejus
1487 1662 1523 1735 in
1541 1663 1712 1751 marchia,
1728 1665 1840 1742 filicet

380 1792 416 1865 in
434 1791 605 1866 comitatu
622 1785 770 1870 Cestrie,
788 1782 957 1884 aquibus
975 1784 1191 1882 interceptus
1208 1782 1260 1856 est
1272 1807 1354 1856 cum
1371 1783 1542 1857 immenso
1555 1784 1702 1883 gaudio.
1744 1785 1840 1862 Cum
1871 1805 1918 1862 tol.
1932 1813 1980 1864 os.
1994 1812 2024 1867 b.

379 1910 510 2010 quibus
522 1905 663 1982 duobus
676 1904 801 1980 diebus
818 1929 979 1989 manens,
992 1914 1223 2003 preproperat
1240 1903 1287 1976 ad
1304 1902 1471 1977 comitem
1486 1903 1682 1983 Glouernie
1695 1919 1840 2010 propter

379 2031 626 2106 liberationem
648 2027 759 2128 patris
775 2026 844 2111 lui;
871 2023 919 2099 ad
936 2048 1044 2123 quem
1061 2048 1144 2098 cum
1161 2023 1319 2109 veniffet,
1337 2035 1508 2124 exceptus
1531 2025 1583 2100 est
1606 2025 1653 2101 ab
1675 2027 1736 2103 illo
1757 2055 1840 2106 curu

379 2152 520 2227 decenti
546 2150 693 2224 honore.
747 2147 849 2222 Dum
875 2170 963 2247 ergo
989 2145 1177 2220 conferunt
1207 2144 1407 2219 adinvicem
1435 2144 1483 2219 de
1510 2145 1716 2224 detentione
1745 2152 1841 2253 regis

380 2273 475 2373 apud
492 2271 687 2355 Simonem,
702 2280 739 2342 et
756 2277 935 2368 peteretur
953 2265 1127 2341 auxilium
1144 2265 1284 2339 comitis
1301 2265 1349 2339 ad
1364 2264 1620 2342 liberacionem
1637 2271 1744 2372 regis,
1758 2297 1842 2348 mox

379 2391 566 2495 spopondit
584 2414 704 2465 comes
721 2390 757 2465 le
774 2387 1010 2488 prestaturum
1033 2386 1109 2486 regi
1127 2397 1242 2460 totum
1266 2387 1367 2461 sumn
1388 2388 1600 2475 exercitum;
1627 2415 1738 2490 quem
1759 2418 1842 2468 curn

379 2517 516 2590 summa
533 2509 758 2587 festinatione
771 2506 978 2608 collegill'et,
991 2517 1158 2607 properat
1175 2531 1258 2580 cum
1272 2506 1449 2581 Eduardo
1466 2520 1503 2582 et
1520 2509 1686 2587 marchiis
1700 2513 1777 2612 ejus
1795 2514 1842 2593 ed

379 2634 626 2709 liberationem
649 2629 745 2731 regis
767 2640 891 2703 contra
913 2628 1107 2702 Simonem.
1162 2625 1250 2702 Erat
1273 2638 1394 2703 autern
1417 2639 1503 2703 tunc
1525 2633 1695 2730 temporis
1716 2634 1840 2711 Simon

380 2754 476 2855 apud
495 2751 752 2836 Herlorthiam,
770 2761 807 2824 et
825 2774 886 2823 rex
902 2748 939 2823 in
956 2747 1162 2823 detentione
1179 2748 1258 2847 ejus
1275 2774 1358 2823 cum
1375 2749 1461 2848 ipso.

432 2874 527 2950 Cum
550 2898 637 2975 ergo
662 2883 882 2972 compertum
907 2869 1024 2944 luilset
1051 2869 1188 2946 Simoni
1212 2869 1312 2968 quod
1335 2895 1456 2946 comes
1480 2870 1676 2947 Glouemie
1701 2887 1778 2949 erat
1801 2877 1839 2950 in

379 2995 566 3098 procinctu
588 2993 722 3068 itineris
745 2992 797 3067 lui
815 3016 896 3066 cum
920 2991 1076 3067 exercitu
1099 2990 1173 3076 luo,
1191 2990 1337 3065 veniens
1360 3003 1483 3066 contra
1505 2987 1604 3067 illum
1627 2993 1674 3068 ad
1691 2993 1838 3084 bellum,

378 3117 526 3192 indilate
546 3113 637 3189 mifit
660 3113 707 3187 ad
731 3136 895 3213 proceres
911 3112 973 3213 qui
997 3112 1033 3186 in
1056 3112 1170 3212 primo
1188 3111 1282 3186 bello
1300 3111 1346 3187 de
1368 3112 1439 3188 fide
1457 3112 1631 3189 baronum
1648 3115 1840 3193 extiterant

378 3237 514 3313 fideles.
567 3236 649 3322 Que
674 3234 820 3336 quidem
846 3232 956 3308 miffio
983 3257 1065 3308 oum
1090 3232 1318 3309 innotuerant
1342 3233 1548 3334 proceribus
1574 3248 1612 3312 et
1634 3236 1838 3327 baronibus,

378 3357 569 3459 stupefacti
587 3357 633 3431 de
655 3355 771 3431 subita
794 3354 956 3430 evafione
975 3352 1153 3440 Edwardi‚
1177 3379 1260 3428 mox
1278 3355 1493 3430 conveniunt
1517 3356 1564 3430 ad
1585 3357 1771 3436 Simonem
1793 3363 1840 3436 ad

379 3480 473 3554 diem
497 3489 633 3554 certum
656 3476 753 3578 apud
776 3476 996 3551 Eusamiam.
1051 3474 1175 3550 Simon
1192 3499 1277 3550 vero
1300 3477 1464 3576 cogitans
1486 3476 1533 3553 de
1557 3480 1700 3556 cautela
1721 3485 1839 3559 neccs-

377 3601 479 3686 saria,
498 3601 534 3675 in
547 3625 620 3674 uno
633 3598 679 3672 de
696 3596 873 3698 precipuis
886 3594 1113 3672 munimentis
1126 3596 1236 3670 totius
1251 3596 1385 3698 Anglie
1401 3597 1594 3699 reliquerat
1610 3600 1723 3678 filium
1739 3604 1839 3680 suum

383 3721 578 3805 Simonem,
608 3719 718 3793 filicet
747 3717 783 3792 in
814 3717 958 3792 castello
984 3716 1030 3791 de
1056 3716 1375 3817 Kellingiluurthe,
1406 3743 1490 3793 cum
1513 3720 1635 3797 multis
1660 3722 1839 3802 nobilibus

380 3843 535 3928 armatis,
562 3853 601 3915 ut
625 3839 653 3916 fi
676 3839 899 3939 contingeret
926 3837 1142 3912 Eduardum
1169 3838 1305 3914 Simoni
1331 3839 1422 3939 patri
1450 3839 1596 3917 obviare
1623 3844 1836 3933 adfaciem,

383 3962 507 4037 Simon
532 3973 638 4036 natus
666 3960 820 4035 Simonis
845 3960 991 4034 veniens
1017 3959 1064 4034 ad
1089 3969 1230 4059 tergum
1255 3960 1334 4060 post
1360 3960 1588 4048 Eduardum,
1615 3980 1836 4068 expugnaret

379 4083 573 4158 exercitum
596 4082 690 4182 ejus;
725 4081 824 4181 quod
843 4081 982 4155 factum
1005 4078 1133 4167 luiffet,
1158 4080 1221 4155 nili
1242 4081 1389 4179 quidam
1412 4084 1514 4159 miles
1533 4084 1691 4185 proditor
1717 4087 1853 4187 prodi·¹

379 4202 480 4278 dillet
498 4201 675 4278 Eduardo
692 4201 951 4302 providentiam
974 4202 1118 4303 majoris
1139 4201 1295 4278 Simonis
1315 4203 1352 4277 in
1376 4203 1519 4279 castello
1536 4205 1676 4303 prefato
1694 4205 1740 4282 de
1755 4207 1835 4307 plu·

379 4325 474 4398 rimis
498 4323 642 4398 armatis
664 4322 812 4398 factam.
867 4322 950 4410 Que
973 4348 1055 4399 cum
1081 4334 1265 4425 comperta
1289 4322 1406 4399 luill'et
1431 4323 1617 4411 Eduardo,
1636 4327 1716 4426 jam
1739 4328 1835 4403 enim

378 4444 580 4546 predixerat
602 4443 760 4545 proditor
783 4443 828 4530 ei,
850 4442 947 4545 quod
971 4444 1098 4520 exituri
1123 4457 1225 4519 erant
1250 4446 1376 4520 armati
1403 4445 1522 4521 adhuc
1543 4443 1602 4523 die
1622 4446 1766 4523 lucente
1790 4448 1835 4524 de

379 4567 524 4642 castello
548 4578 585 4642 et
607 4565 849 4668 pemobbaturi
867 4564 903 4639 in
921 4564 1029 4666 opido
1048 4565 1154 4666 juxta
1176 4564 1299 4666 polito,
1322 4566 1414 4642 milit
1434 4566 1563 4644 eadem
1585 4569 1695 4645 nocte
1717 4570 1837 4671 plures

378 4687 423 4763 de
441 4687 599 4764 exercitu
619 4710 727 4788 quem
751 4686 968 4761 adunaverat
991 4697 1158 4772 armatos,
1176 4698 1216 4760 ut
1240 4688 1582 4788 comprehenderent
1605 4703 1760 4768 armatos
1781 4691 1835 4768 Si·

376 4809 509 4894 monis3
535 4808 609 4909 qui,
631 4818 671 4882 ut
685 4807 830 4911 *dictum
856 4807 919 4894 est,
942 4807 1001 4883 die
1024 4807 1240 4910 precedente
1263 4808 1308 4884 de
1332 4809 1476 4885 castello
1499 4811 1662 4889 exierant
1684 4812 1833 4888 infauste

377 4929 548 5005 fortunati
571 4940 610 5004 ut
632 4928 825 5005 dormirent
847 4953 912 5028 per
927 4916 1084 5029 lingulas
1106 4928 1232 5006 domos
1254 4929 1352 5030 opidi
1369 4929 1514 5007 castello
1538 4931 1749 5032 adjacentis,
1772 4934 1834 5034 qui
