4716 6428
309 709 409 786 ao.
442 718 547 796 12⁵9.
640 709 1395 835 ‘cunonrcnouunmnoa
1606 694 1609 699 ’
1694 721 1762 788 rea

142 940 187 993 sor.
201 944 244 993 ⁵9.
309 927 507 1013 estimabat,
525 928 585 1002 illo
605 927 778 1027 quassato,
795 928 902 1002 sacile
919 930 955 1003 se
969 927 1015 1002 ad
1032 929 1275 1028 episcopatum
1291 929 1547 1029 Glasguensem
1564 929 1660 1029 posse
1678 957 1760 1005 con·

308 1049 493 1134 scendere;
507 1046 603 1148 quod
616 1048 760 1122 minime
772 1048 902 1145 evenit,
915 1073 999 1122 nam
1012 1048 1179 1148 magister
1192 1049 1375 1125 lohannes
1387 1049 1432 1125 de
1446 1049 1588 1148 Chium
1594 1063 1666 1095 Μ
1679 1075 1760 1125 con-

308 1170 473 1254 secratur,
487 1180 523 1244 et
534 1168 581 1242 ad
591 1166 775 1243 ecclesiam
788 1168 1045 1269 Glasgrensem
1058 1168 1253 1269 regendam
1266 1195 1288 1244 a
1301 1170 1411 1245 latere
1422 1170 1554 1244 domini
1568 1171 1667 1271 Pape
1681 1170 1761 1245 diri·

308 1289 414 1387 gitur.
453 1288 531 1387 lpse
544 1313 627 1363 vero
643 1285 687 1362 R.
700 1287 746 1363 ad
760 1288 1002 1388 episcopatum
1016 1288 1063 1362 ad
1076 1314 1184 1388 quem
1197 1291 1313 1365 suerat
1326 1292 1566 1399 consecratue¹¹
1575 1291 1759 1385 emittitur.

361 1407 562 1483 Willelmus
580 1408 692 1483 abbae
709 1409 756 1484 de
774 1408 948 1483 Neubotil
966 1409 1178 1508 pastoralem
1196 1436 1318 1484 curam
1335 1411 1494 1509 reliquit;
1520 1402 1566 1485 dd
1583 1436 1692 1511 quam
1710 1437 1761 1485 re·

309 1528 464 1626 gendam
492 1529 669 1629 dompnus
694 1528 814 1604 Adam
843 1529 1045 1604 cellerarius
1071 1528 1117 1603 de
1143 1530 1279 1604 Melros
1300 1531 1336 1604 in
1358 1531 1416 1604 die
1439 1532 1553 1606 sancti
1581 1530 1762 1606 Uincentii

312 1648 350 1749 [J
352 1675 410 1723 an.
424 1649 489 1749 22]
511 1649 661 1724 acceffit.

361 1771 468 1845 Anno
488 1770 633 1844 Domini
651 1758 798 1845 mcclii.
817 1769 982 1869 magister
996 1767 1018 1844 J
1021 1769 1181 1845 ohannes
1198 1770 1384 1870 episcopus
1397 1771 1637 1871 Glasguensrs‚
1650 1773 1762 1870 petita

310 1917 332 1964 a
350 1916 435 1991 rege
457 1891 584 1966 Scocie
601 1890 746 1965 licentia
759 1902 796 1964 et
813 1901 975 1989 accepta,
989 1889 1067 1990 ejus
1084 1901 1214 1964 terram
1232 1890 1439 1991 ingreditur,
1454 1903 1490 1965 et
1504 1890 1550 1964 sr‘c
1563 1893 1596 1965 ei
1614 1894 1762 1991 praesen·

225 2042 232 2057 ·
309 2023 416 2095 tatur,
434 2038 456 2085 a
473 2037 544 2110 quo
563 2010 719 2110 benigne
742 2011 923 2109 susceptus
947 2008 993 2083 ad
1017 2009 1136 2084 sedem
1162 2011 1261 2084 suam
1284 2012 1526 2085 transmittitur
1552 2010 1672 2111 ibique
1698 2012 1762 2087 sol·

308 2131 495 2230 lempniter
513 2131 779 2206 inthronizatur.

360 2251 463 2336 Item,
482 2251 593 2326 abbas
611 2252 660 2326 A.
679 2251 725 2325 de
744 2249 996 2325 Balmurinach
1020 2251 1179 2349 regimen
1197 2251 1294 2349 quod
1319 2277 1382 2351 pro
1402 2251 1600 2325 infirmitate
1624 2251 1761 2327 diucius

307 2384 429 2446 tenere
457 2397 528 2446 non
558 2373 685 2472 potuit,
712 2371 893 2446 successori
916 2371 990 2455 suo,
1011 2370 1143 2444 scilicet
1164 2369 1245 2444 Ade
1272 2371 1430 2469 ejusdem
1454 2371 1548 2445 domi
1573 2373 1761 2456 monacho,

307 2492 507 2592 dereliquit.
566 2490 691 2567 Abbas
712 2492 821 2566 etiam
847 2489 1020 2565 Patricius
1043 2489 1217 2564 Kalcouie
1235 2491 1383 2589 seipsum
1407 2489 1554 2575 demisit,
1576 2502 1612 2564 et
1634 2490 1761 2567 Henri·

309 2637 371 2687 cus
389 2612 433 2686 de
454 2610 664 2687 Lambeden
683 2613 715 2686 ei
734 2610 901 2687 successit.
1117 2646 1142 2693 e

360 2732 460 2808 Obiit
478 2733 684 2808 Uualterus⁰
699 2730 947 2806 Dunelmensis
961 2731 1157 2830 episcopus,
1169 2731 1226 2805 cui
1241 2729 1397 2805 successit
1412 2729 1590 2805 Robertus
1607 2732 1762 2828 ejusdem

309 2853 435 2929 domus
452 2855 660 2929 monachus.

358 2974 458 3049 Nata
475 2974 527 3049 est
544 2976 652 3049 etiam
666 2974 701 3047 in
718 2972 852 3073 Anglia
864 2973 1102 3072 primogenita
1115 2972 1209 3072 regis
1224 2972 1375 3057 Scotie,¹’
1386 2972 1529 3046 nomine
1542 2971 1761 3072 Margareta.

361 3095 518 3170 Michael
553 3094 665 3169 abbas
695 3095 741 3168 de
769 3095 892 3170 sancto
927 3093 1087 3168 Seruano
1117 3091 1224 3229 geffit,
1253 3104 1289 3166 et
1322 3091 1506 3166 lohannes
1535 3093 1612 3189 ejus
1641 3118 1762 3167 mona·

310 3214 396 3289 chus
413 3215 580 3290 succeffit.

123 3356 168 3410 ror.
183 3361 226 3410 59.
241 3358 266 3409 b.
362 3336 468 3409 Anno
488 3336 634 3410 Domini
650 3336 811 3436 mcclxj.
830 3335 918 3410 obiit
934 3360 1029 3435 papa
1049 3333 1274 3408 Alexanderq
1291 3334 1347 3407 cui
1365 3333 1521 3407 successit
1543 3331 1717 3406 Urbanus.

364 3454 465 3540 Item,
484 3455 658 3556 dompnus
678 3457 848 3532 Matheus
873 3454 985 3530 abbas
1008 3455 1054 3529 de
1083 3454 1217 3529 Melros
1240 3455 1309 3554 xvj.
1336 3452 1485 3553 sigillum
1506 3454 1617 3537 suum,
1640 3452 1760 3551 vigilia

310 3576 422 3650 sancti
440 3575 579 3661 Jacobi
606 3578 641 3650 in
659 3576 815 3677 capitulo
841 3577 946 3677 priori
963 3577 1026 3651 suo
1043 3574 1090 3649 ob
1109 3575 1346 3649 infirmitatem
1364 3574 1518 3673 corporis
1541 3573 1588 3647 ad
1611 3572 1760 3646 custodi-

311 3696 442 3770 endum
466 3697 738 3783 commendavit,
762 3710 799 3772 et
820 3696 867 3772 sic
889 3697 1054 3797 pastorali
1077 3721 1160 3771 cure
1183 3695 1359 3770 valefecit.
1413 3692 1495 3767 Post
1517 3694 1619 3793 cujus
1641 3692 1759 3767 cellio-

308 3814 394 3889 nem'
409 3815 466 3891 die
484 3817 595 3894 sancti
616 3818 712 3893 Petri
730 3818 777 3892 ad
793 3817 933 3893 vincula
952 3816 1069 3916 [Aug.
1091 3815 1142 3915 1].
1161 3816 1335 3915 dompnus
1348 3815 1466 3889 Adam
1478 3812 1589 3888 abbas
1602 3814 1647 3887 de
1661 3813 1761 3889 Neu·

309 3936 395 4011 botil
414 3923 557 4038 eligitur
574 3939 785 4014 unanimiter
808 3965 831 4014 a
850 3951 1039 4023 conventu,
1059 3949 1097 4013 et
1117 3935 1331 4021 installatum
1357 3947 1394 4009 et
1417 3935 1577 4034 regimini
1596 3934 1640 4007 de
1659 3933 1759 4008 Neu·

308 4056 393 4132 botil
411 4059 599 4158 praeficitur
619 4059 728 4133 Wido
746 4057 904 4160 ejusdem
921 4057 1046 4134 domus
1063 4058 1247 4158 portarius.

357 4179 465 4253 Anno
485 4179 632 4254 Domini
649 4180 822 4280 mcclxij.
852 4179 900 4254 H.
921 4178 1032 4255 abbas
1053 4179 1098 4253 de
1123 4176 1220 4253 Dere
1238 4204 1260 4252 a
1286 4178 1457 4278 regimine
1480 4177 1530 4250 sui
1551 4177 1671 4276 gregis
1697 4176 1758 4250 ab·

307 4299 458 4385 solvitur,
477 4312 514 4374 et
531 4299 578 4374 ad
595 4325 658 4375 eos
675 4299 877 4401 regendos.r
928 4349 1561 4375 ...........

358 4418 439 4493 Hoc
457 4420 565 4494 etiam
583 4445 677 4496 auno
690 4420 778 4495 obiit
791 4421 954 4497 dominus
974 4419 1015 4496 F.
1033 4420 1126 4496 filius
1146 4418 1310 4518 Rainulfi
1324 4431 1360 4495 et
1371 4416 1513 4493 Juliana
1526 4416 1604 4516 ejus
1616 4417 1754 4515 sponsa,

342 4626 404 4652 Μ
418 4630 533 4693 Mem,
548 4632 565 4684 i·
575 4634 637 4695 887,
652 4637 714 4696 ³94,
728 4635 789 4692 ³97.
898 4631 912 4657 ³
927 4640 945 4664 ‘⁴
960 4633 1087 4690 uuam·
1100 4632 1148 4686 heo
1160 4631 1293 4703 originally
1304 4633 1372 4685 been
1384 4630 1495 4690 written,
1510 4627 1612 4681 instead
1623 4625 1655 4679 os
1665 4633 1682 4657 ‘¹
1693 4643 1755 4678 con-

305 4715 448 4776 secratus‚”
460 4714 508 4767 but
520 4714 567 4769 luo
579 4718 647 4770 been
659 4717 767 4772 marked
777 4716 818 4771 sor
829 4735 941 4772 erasme.
1050 4716 1062 4742 ⁰
1079 4715 1181 4769 Walter
1198 4715 1232 4769 de
1252 4713 1379 4768 Kirlrham
1397 4710 1523 4767 credatu
1542 4712 1652 4778 August,
1677 4712 1753 4770 1260,

305 4797 358 4850 aud
372 4815 424 4851 wan
437 4798 583 4853 sucoeeded
595 4801 629 4871 by
644 4801 744 4856 Robert
758 4801 887 4857 Stitchell.
985 4799 997 4831 ⁹
1011 4801 1062 4856 See
1075 4800 1178 4855 various
1191 4799 1295 4851 curious
1307 4797 1461 4853 documento
1469 4793 1615 4850 connected
1627 4791 1691 4845 with
1702 4792 1754 4845 this

303 4884 405 4953 subject
417 4883 444 4936 in
452 4883 498 4938 the
512 4884 627 4948 Foedem,
642 4887 658 4939 i.
672 4891 734 4940 402.
852 4888 864 4920 l
881 4885 1030 4942 Alexander
1040 4885 1086 4940 lv.
1101 4884 1162 4939 died
1173 4883 1238 4938 aoth
1253 4883 1325 4954 May,
1343 4886 1419 4937 1261.
1534 4878 1645 4932 'aune
1657 4879 1679 4931 ia
1691 4877 1753 4931 here

302 4968 394 5022 erased
405 4967 472 5022 srom
484 4968 531 5024 the
542 4971 709 5040 mautucnpt.

673 5072 728 5127 Η
