4716 6428
289 631 391 706 an.
424 638 530 705 1212.
589 572 593 578 ⁵
647 632 965 707 CHRONICA
999 632 1075 707 na
1110 631 1401 708 uarunos.
1680 640 1749 707 113

282 845 457 919 kalendas
472 844 688 920 Novembris
710 845 822 945 [Nov.
846 847 896 945 l]‚
918 846 1032 920 Rome
1047 860 1351 946 congregarentur
1368 846 1536 945 generale
1554 847 1741 921 concilium

283 965 415 1040 ibidem
434 964 657 1051 celebraturi,
677 968 834 1066 exceptis
858 967 1068 1065 paucislimis
1087 968 1147 1065 qui
1172 967 1350 1040 communi
1369 966 1510 1039 consilio
1529 967 1564 1039 in
1583 992 1742 1065 unaqua-

281 1112 352 1186 que
371 1086 487 1184 patria
505 1086 551 1159 ob
570 1086 766 1160 animarum
786 1087 981 1161 custodiam
1001 1100 1233 1161 remanerent.
1290 1086 1356 1185 lpfi
1375 1098 1494 1159 autern
1518 1086 1674 1184 pastores
1693 1088 1743 1159 in·

282 1207 384 1281 terim
404 1208 499 1279 omni
519 1207 753 1281 sollicitudine
771 1208 918 1281 verbum
936 1208 1007 1281 vite
1031 1208 1265 1306 praedicarent
1283 1220 1318 1280 et
1343 1207 1497 1279 infirmos
1518 1208 1554 1279 in
1571 1206 1641 1280 fide
1660 1232 1742 1280 con-

282 1327 472 1411 firmarent,
491 1328 716 1401 confirmatos
735 1328 943 1412 animarent,
962 1328 1074 1402 sedet
1095 1329 1217 1401 sande,
1235 1328 1348 1401 erucis
1366 1326 1545 1426 figuacnlo
1560 1327 1742 1427 consigna-

283 1458 359 1520 rent
378 1447 413 1519 in
427 1446 616 1521 subsidium
629 1447 752 1521 sansse
770 1460 861 1521 terre
876 1448 1154 1547 repromishouis,
1170 1474 1278 1547 quam
1292 1460 1376 1521 tunc
1390 1448 1557 1547 temporis
1573 1448 1741 1522 Saraceni

283 1566 386 1640 nimis
404 1567 564 1665 improbe
583 1580 619 1640 et
637 1568 842 1641 indecenter
861 1570 1116 1642 tractaverunt.

334 1684 440 1759 Missa
465 1689 542 1759 sunt
561 1712 582 1759 a
599 1687 710 1761 latere
729 1688 873 1786 dompni
891 1714 985 1787 pape
1011 1688 1124 1761 multa
1148 1700 1184 1761 et
1207 1714 1339 1785 magna
1360 1689 1558 1773 luminaria,
1577 1689 1743 1763 doctores

283 1805 415 1880 scilicet
438 1806 647 1881 sanctissime
673 1808 946 1882 conversationis
973 1819 1009 1881 et
1037 1807 1320 1881 excellentissime
1349 1807 1510 1882 doctrino
1537 1809 1571 1881 iu
1601 1834 1741 1882 omnem
1854 1862 1858 1869 -

284 1926 377 1999 eirca
403 1927 599 2025 regionem,
627 1953 778 2025 quorum
796 1928 867 2001 duo
885 1927 971 2001 missi
996 1929 1085 2012 sunt,
1113 1953 1204 2001 unus
1222 1928 1257 2000 in
1278 1926 1448 2025 Angliam
1467 1940 1503 2000 et
1529 1928 1684 2026 reliquus
1707 1930 1741 2001 in

285 2043 485 2119 Franciam.
541 2045 582 2119 In
598 2047 769 2147 Angliam
787 2047 953 2146 magister
972 2046 1175 2145 Stephanus
1189 2046 1234 2119 de
1249 2045 1441 2146 Langetun
1461 2047 1743 2147 archiepiscopus

286 2164 482 2239 Cantuarie
508 2167 744 2253 consecratus,
776 2168 810 2242 in
842 2168 980 2242 Gallias
1010 2168 1176 2265 magister
1204 2165 1381 2239 Robertus
1408 2167 1453 2241 de
1483 2168 1626 2241 Curzrm
1653 2169 1743 2242 sedis

283 2284 473 2384 apostolice
492 2287 670 2386 presbyter
684 2300 719 2361 et
737 2287 937 2371 cardinalis,
952 2299 988 2360 et
1006 2288 1119 2359 tocius
1135 2287 1284 2359 Francie
1302 2287 1443 2385 legatus
1458 2298 1493 2359 et
1512 2286 1642 2361 arbiter
1660 2313 1742 2361 con-

283 2404 433 2491 stitutus
457 2418 496 2480 ut
514 2407 636 2481 fauste
661 2408 936 2481 conversationis
960 2407 1123 2505 exemplo
1142 2418 1177 2479 et
1201 2406 1376 2479 catholice
1398 2406 1657 2503 praedicationis
1680 2409 1744 2480 mi·

283 2525 423 2599 nisterio
438 2538 626 2627 utramque
644 2530 827 2627 regionem
842 2528 1063 2602 illustrarent..
1105 2526 1195 2600 stem
1210 2552 1333 2599 omnes
1348 2526 1565 2600 Christianos
1582 2525 1744 2625 publicos

283 2646 457 2719 usurarios
476 2659 512 2720 et
529 2647 691 2746 publicas
711 2649 915 2722 meretrices
933 2659 970 2722 et
988 2659 1125 2721 ceteros
1146 2647 1269 2720 sancte
1297 2647 1477 2745 religionis
1495 2646 1678 2731 derisores
1697 2647 1744 2720 ad

284 2766 574 2841 ammonitionem
587 2769 748 2867 praedieti
762 2769 918 2869 magistri
935 2767 1095 2853 Roberti,
1110 2766 1252 2842 abstulit
1265 2793 1326 2841 rex
1342 2767 1493 2841 Francie
1507 2794 1528 2841 a
1543 2768 1744 2865 civitatibus

283 2886 351 2958 suis
369 2886 546 2961 universis

335 3004 438 3091 Item,
460 3007 664 3081 Alexander
682 3010 773 3084 silius
794 3008 964 3083 Willelmi
983 3009 1077 3109 regis
1095 3008 1298 3082 Scottorum
1316 3010 1351 3081 in
1372 3006 1543 3107 Angliam
1561 3009 1744 3106 profestus

285 3122 492 3201 Lundonias
511 3154 532 3201 a
550 3154 636 3228 rege
656 3129 789 3229 Anglie
809 3129 997 3203 militarem
1010 3128 1170 3202 ordinem
1185 3129 1335 3225 accepit,
1351 3152 1444 3199 anno
1459 3127 1563 3200 etatis
1582 3129 1641 3200 sue
1656 3128 1741 3226 xiiij.

282 3364 431 3439 effectus
449 3392 531 3442 cunr
550 3368 729 3467 utriusque
756 3371 856 3469 regui
884 3369 1054 3468 applausu
1080 3378 1115 3441 et
1137 3366 1444 3466 congratulatione
1463 3364 1508 3437 ad
1533 3365 1674 3462 propria
1692 3364 1743 3437 est

283 3487 450 3559 reversus,

254 3632 259 3643 ·
334 3602 438 3690 Item,
457 3606 492 3679 in
510 3607 578 3681 illis
596 3607 722 3683 diebus
740 3610 885 3683 surrexit
909 3610 944 3682 in
965 3608 1099 3708 Anglia
1122 3607 1210 3681 mire
1229 3604 1440 3679 audacitatis
1458 3604 1565 3677 homo
1584 3616 1620 3677 et
1639 3602 1742 3677 absti-

282 3725 420 3810 nencie,
441 3726 603 3801 Petrns¹⁸
619 3730 775 3814 nomine,
788 3730 849 3828 qui
867 3730 1070 3827 nescioquo
1089 3727 1208 3827 spiritu
1226 3728 1346 3797 futura
1364 3724 1571 3824 praedicens,
1590 3722 1651 3821 ipsr
1666 3724 1741 3823 regi

285 3842 417 3945 Anglie
436 3847 681 3923 crudelitatem
705 3852 804 3924 suam
828 3849 992 3923 adversus
1016 3846 1199 3922 eeclesiam
1219 3844 1264 3919 de
1283 3844 1341 3918 die
1359 3846 1395 3917 in
1414 3844 1507 3917 diem
1526 3844 1742 3942 impropera·

283 3961 354 4047 bat,
373 3977 410 4039 et
428 3967 525 4065 quod
543 3968 578 4042 in
597 3969 756 4069 proximo
774 3969 946 4043 honorem
963 3968 1063 4068 regni
1082 3980 1117 4040 et
1134 3992 1264 4040 nomen
1289 3966 1427 4064 regium
1445 3964 1530 4037 esset
1549 3962 1742 4047 amissurus,

283 4108 401 4159 coram
423 4087 517 4161 facie
545 4090 606 4162 sua
624 4089 848 4175 clamitabat;
876 4089 972 4189 quod
995 4087 1140 4188 quidem
1167 4087 1202 4159 in
1228 4110 1361 4184 magua
1388 4096 1489 4183 parte
1516 4082 1740 4183 postmodum

283 4204 399 4279 evenit
417 4218 456 4280 ut
474 4208 625 4307 sequens
643 4234 816 4283 annorum
835 4210 940 4284 series
958 4206 1164 4283 declarabit.

333 4324 440 4399 Anno
458 4352 545 4402 mcc
560 4329 631 4427 xiij.
652 4329 739 4403 obiit
756 4329 950 4404 Reinaldns
964 4329 1148 4429 episcopus
1164 4324 1336 4409 Rosenfis,
1349 4324 1531 4424 quondam
1548 4322 1743 4396 monachus

285 4442 517 4533 Melrosensrs‚
544 4448 619 4549 ipso
637 4450 695 4524 die
713 4452 835 4525 sanste
857 4449 969 4525 Lucie
996 4448 1106 4547 [Dec.
1130 4446 1205 4546 l3],
1230 4445 1307 4545 post
1332 4445 1433 4544 cujus
1452 4444 1587 4518 obitum
1605 4443 1743 4516 electus

319 4690 342 4713 '¹
358 4693 472 4757 Fordun,
486 4696 513 4749 ii.
530 4700 571 4750 18.
664 4698 725 4765 (34)
738 4695 749 4719 ¹
763 4696 823 4751 The
836 4698 884 4752 oth
894 4698 925 4751 os
935 4696 1029 4752 March
1042 4715 1096 4752 was
1108 4706 1156 4751 not
1168 4696 1290 4751 mid-lent
1304 4696 1420 4766 Sunday,
1432 4696 1458 4748 in
1471 4694 1517 4749 tho
1526 4712 1589 4765 year
1603 4696 1685 4755 12123
1699 4708 1744 4745 sec

283 4774 338 4829 also
347 4774 391 4829 M.
403 4778 486 4841 Parte,
501 4797 528 4849 p.
546 4783 604 4834 161.
688 4778 712 4802 “
730 4782 895 4853 Conoeming
905 4781 958 4837 this
973 4782 1060 4845 Peter,
1075 4799 1120 4837 see
1130 4782 1174 4835 Μ.
1187 4783 1271 4842 Paris,
1286 4798 1331 4851 pp.
1345 4784 1403 4843 161,
1422 4783 1479 4841 loa,
1495 4782 1552 4832 165.
1639 4775 1677 4799 ”¹
1694 4776 1745 4830 See

284 4858 426 4931 Knyglton,
440 4863 492 4917 col.
506 4866 593 4925 2424,
614 4866 729 4927 Furrina,
744 4866 770 4919 ii.
784 4870 810 4919 a.

655 4982 677 5029 Ρ
