4716 6428
586 677 633 745 82
938 667 1258 755 CHRONICA
1291 668 1368 743 DE
1405 668 1693 760 MAILROS.
1816 671 1916 746 AD.
1941 680 2050 758 1170.

640 885 841 959 Willelmus
855 910 916 959 rex
934 884 1137 959 Scottorum
1151 883 1247 983 apud
1257 883 1526 957 Windlesoure'
1539 883 1586 958 ad
1600 882 1798 959 Henricum
1808 910 1932 985 regem
1945 888 2053 961 venit.

641 1006 790 1080 DauidW
803 1007 911 1079 srater
926 1007 1002 1105 ejus
1016 1007 1052 1078 in
1066 1006 1203 1078 octavis
1216 1004 1439 1103 pentecostes
1455 1003 1562 1103 [Maij
1582 1003 1647 1103 31]
1663 1004 1765 1079 miles
1783 1031 1804 1079 a
1822 1030 1908 1105 rege
1923 1006 2057 1106 Anglie

590 1127 710 1202 sactus
729 1127 790 1200 est.

644 1246 822 1321 Henricus
845 1271 906 1320 rex
927 1246 1060 1345 Anglie
1077 1246 1164 1319 fecit
1182 1245 1343 1318 coronari
1356 1244 1467 1317 filium
1488 1242 1684 1318 Henricum
1702 1259 1881 1345 puerum,¹
1897 1260 1934 1321 et
1952 1249 1988 1322 in
2006 1274 2059 1323 re·

593 1394 677 1468 gem
716 1367 811 1467 apud
841 1365 1058 1440 Lundonias.
1087 1367 1133 1439 xi.
1168 1364 1341 1438 kalendas
1369 1364 1467 1438 Junii
1497 1364 1604 1463 [Maij
1637 1364 1701 1463 22]
1731 1365 1767 1440 in
1796 1366 1853 1441 die
1882 1368 2061 1442 dominica

595 1488 791 1562 consecrari
810 1514 831 1561 a
847 1486 993 1586 Rogero
1007 1488 1212 1584 usurpatore
1232 1483 1449 1559 Eboraeenfi
1467 1485 1760 1584 archiepiscopo,y
1772 1488 1835 1585 qui
1852 1487 1888 1561 in
1907 1489 2061 1563 alienam

597 1609 813 1708 provinciam
834 1608 894 1706 jus
920 1621 956 1680 et
982 1608 1136 1680 officium
1163 1606 1318 1679 alienum
1345 1617 1467 1678 contra
1495 1630 1650 1679 canones
1676 1632 1739 1705 per
1760 1609 1896 1708 regiam
1922 1622 1959 1682 et
1981 1635 2061 1708 pro-

535 1748 539 1753 ·
597 1730 709 1828 priam
723 1728 956 1827 tyrannidem,
983 1728 1123 1801 vivente
1149 1726 1342 1799 venerabili
1362 1725 1505 1799 Thema
1532 1725 1794 1826 archiepiscopo
1817 1728 2062 1805 Cantuariensr

599 1851 683 1923 etin
704 1849 832 1922 Galliis
850 1848 1029 1932 exirlante,
1047 1846 1109 1920 fibi
1128 1846 1317 1945 usurpavit.

652 1969 692 2041 ln
714 1970 903 2043 festivitate
928 1968 1165 2068 apostolorum
1187 1966 1282 2039 Petri
1309 1977 1345 2039 et
1366 1965 1468 2040 Pauli
1498 1965 1598 2065 [Jun.
1618 1964 1683 2065 29]
1713 1967 1828 2042 subito
1851 1981 2063 2044 terremotus

600 2092 727 2190 ingens
745 2100 781 2163 et
794 2089 956 2162 horridus
969 2090 1005 2162 in
1023 2089 1171 2172 oriente,
1186 2087 1278 2160 ultra
1290 2113 1388 2161 mare
1402 2087 1555 2172 Graecie,
1570 2086 1675 2161 urbes
1687 2088 1856 2188 plurimas
1867 2102 1903 2163 et
1921 2090 2064 2165 castella

602 2236 683 2284 curn
701 2211 770 2285 suis
788 2208 1046 2283 habitatoribus
1067 2208 1260 2292 subversas,
1282 2207 1399 2280 obruit
1419 2206 1605 2306 Tripolim,
1627 2206 1823 2295 Gibellum,
1844 2208 2066 2296 Laodiciam,

605 2330 837 2405 Antiochiam
855 2342 891 2403 et
916 2329 1060 2403 castella
1085 2328 1364 2427 quamplurima;
1383 2327 1444 2400 sed
1471 2339 1507 2400 et
1526 2339 1618 2401 terra
1642 2330 1830 2428 gentilium
1848 2332 1975 2406 eodem
1999 2344 2067 2407 ter·

605 2465 743 2526 remotu
761 2451 872 2524 multo
891 2449 1122 2523 miserabilius
1140 2474 1221 2521 curn
1240 2473 1363 2521 eorum
1380 2447 1669 2523 innumerositate
1687 2450 1802 2548 periit.

658 2570 856 2644 Richardus
882 2569 1112 2670 cappellanus
1147 2569 1242 2667 regis
1263 2566 1435 2641 Willelmi
1462 2569 1690 2643 consecratus
1717 2570 1768 2644 est
1801 2572 1837 2645 in
1863 2573 2068 2671 episcopum

608 2689 802 2774 Dulkelde,
820 2691 856 2762 in
874 2690 994 2789 vigilia
1006 2689 1118 2763 santii
1136 2687 1319 2762 Laurentii
1336 2688 1452 2787 [Aug.
1467 2688 1522 2786 9],
1538 2715 1559 2762 a
1573 2689 1753 2766 Richardo
1772 2692 1937 2791 episcopo
1955 2693 2068 2767 sanai

610 2810 768 2893 Andree,
787 2810 822 2883 in
837 2808 1031 2883 cathedrali
1051 2808 1197 2881 ecclesia
1215 2809 1327 2882 saneti
1348 2807 1520 2882 Andree.¹

661 2931 761 3006 Obiit
779 2928 989 3004 venerabilis
1009 2928 1218 3003 Godricus²z
1234 2928 1407 3002 heremita
1421 2929 1467 3002 de
1480 2928 1698 3004 Finchalach
1712 2957 1822 3032 prope
1829 2934 2070 3010 ·Dunelmum.

661 3051 861 3125 Richardus
879 3076 999 3123 comes
1017 3050 1062 3123 de
1084 3048 1257 3133 Penbroc,
1284 3049 1375 3123 filius
1396 3049 1562 3123 Giliberti
1588 3052 1727 3126 comitis
1748 3052 1963 3140 Stranboue,
1981 3055 2072 3129 filius

612 3174 719 3246 etiam
736 3171 862 3256 lsabel,
881 3183 1070 3245 matertere
1090 3169 1275 3243 Malcolmi
1294 3181 1330 3243 et
1347 3169 1517 3244 Willelmi
1538 3197 1664 3271 regum
1687 3172 1902 3260 Scottorum,
1925 3188 1961 3250 et
1978 3175 2072 3251 bone

611 3295 685 3393 spei
715 3292 835 3366 David
859 3292 1008 3377 comitis,
1038 3317 1135 3366 curn.
1152 3290 1265 3364 multa
1291 3290 1442 3364 militum
1470 3303 1507 3364 et
1540 3292 1731 3391 proborum
1759 3293 1942 3369 hominurn
1970 3299 2074 3396 eopia

613 3415 841 3487 transfretans
860 3413 955 3486 venit
979 3414 1015 3487 in
1035 3410 1258 3496 Hiberniam,
1286 3424 1321 3484 et
1344 3413 1456 3485 fretus
1478 3413 1608 3486 auxilio
1635 3414 1819 3513 cujusdam
1844 3418 1959 3517 reguli
1982 3418 2074 3492 illius

613 3547 718 3619 terre,
737 3534 838 3633 cujus
856 3534 964 3607 filiam
982 3532 1044 3607 fibi
1062 3533 1098 3606 in
1116 3532 1340 3605 matrimonio
1359 3532 1599 3633 copulaverat,
1619 3535 1791 3633 quasdam
1808 3537 1970 3613 civitates
1994 3563 2074 3612 cum

614 3654 706 3728 illius
732 3667 823 3728 terre
845 3653 1017 3727 nobiliore
1043 3653 1175 3727 scilicet
1195 3653 1357 3727 Duuelin
1375 3653 1518 3727 viriliter
1539 3679 1763 3755 oppugnans,
1778 3682 1841 3755 per
1861 3659 1936 3733 Dei
1961 3662 2075 3760 provi·

617 3774 774 3849 dentiam
792 3775 937 3848 tandem
955 3772 1136 3846 obtinuit.a

654 3991 665 4011 '
681 3992 779 4045 Hooed.
794 3990 913 4044 101296.
998 3988 1014 4011 ”
1029 3988 1190 4043 DaridEarl
1203 3989 1235 4042 os
1245 3989 1428 4058 Huntingdon.
1504 3988 1516 4011 ¹
1530 3990 1682 4044 Benedictus
1693 3992 1775 4046 Abdus
1789 4009 1849 4065 says
1867 3994 1928 4049 that
1940 3995 1987 4050 the
1999 4014 2076 4051 coro-

617 4075 709 4129 nation
721 4092 775 4127 was
784 4092 856 4144 upon
869 4073 985 4144 Sunday‚
998 4073 1061 4127 lsth
1074 4074 1153 4136 June,
1169 4074 1185 4126 i.
1200 4078 1226 4126 4.
1272 4076 1410 4145 alpanum,
1420 4073 1437 4125 i.
1452 4076 1513 4135 321,
1526 4073 1614 4143 places
1624 4073 1670 4127 the
1678 4077 1832 4130 coronation
1845 4077 1878 4131 os
1884 4097 1973 4149 young
1987 4081 2079 4152 Heury

618 4177 690 4229 upon
706 4159 822 4230 Sunday‚
833 4159 887 4211 aad
901 4158 973 4228 May,
991 4159 1068 4219 1167,
1083 4158 1131 4209 but
1143 4156 1190 4210 the
1202 4166 1259 4210 text
1271 4157 1293 4210 is
1306 4158 1451 4227 supported
1462 4159 1497 4227 by
1504 4157 1551 4211 the
1563 4158 1694 4212 excellent
1703 4160 1837 4233 authority
1849 4161 1882 4216 01
1896 4166 1932 4217 W.
1945 4166 2075 4237 st'ewbrig.

618 4243 644 4295 ii.
659 4246 702 4305 25,
718 4242 771 4296 and
780 4242 812 4295 01
820 4243 918 4295 Hoved.
932 4241 977 4294 101.
992 4245 1053 4295 296.
1065 4243 1101 4303 b.,
1113 4240 1241 4310 although
1252 4240 1300 4294 the
1309 4241 1387 4294 latter
1396 4250 1479 4295 states
1492 4240 1551 4295 that
1558 4241 1605 4296 the
1613 4244 1768 4298 coronation
1781 4262 1835 4300 was
1848 4247 1996 4303 celebrated
2006 4267 2079 4320 upon

622 4327 737 4397 Sunday‚
755 4326 818 4379 l5th
831 4326 910 4389 June,
925 4343 959 4378 an
972 4326 1084 4378 obvious
1096 4342 1175 4378 error.
1216 4325 1246 4377 ln
1260 4324 1306 4378 the
1318 4343 1381 4396 year
1393 4324 1420 4378 in
1433 4326 1565 4396 question,
1575 4325 1622 4379 the
1637 4327 1700 4381 rath
1711 4328 1742 4381 os
1750 4329 1821 4383 June
1828 4318 1873 4384 sell
1886 4349 1984 4402 upona
1999 4333 2077 4387 Mon-

622 4412 681 4482 day.
720 4411 748 4464 A
760 4411 812 4464 like
824 4410 935 4464 mistake
948 4428 1039 4464 occurs
1053 4411 1079 4462 in
1098 4410 1145 4463 the
1158 4410 1339 4480 computation
1358 4409 1390 4463 os
1405 4412 1542 4482 Wyatowa,
1563 4411 1604 4464 sor
1622 4411 1669 4465 the
1687 4413 1740 4467 aad
1756 4414 1828 4485 May,
1846 4418 1923 4480 1167,
1939 4436 1992 4471 was
2005 4430 2052 4473 not
2064 4439 2081 4472 a

623 4496 738 4567 Sunday‚
753 4497 801 4550 bat
813 4514 830 4548 a
844 4494 970 4565 Monday.
1080 4494 1091 4525 ¹
1107 4494 1167 4548 The
1178 4495 1340 4563 indignation
1352 4494 1384 4548 os
1396 4494 1443 4548 the
1456 4495 1543 4548 writer
1555 4513 1609 4549 was
1627 4498 1754 4569 probably
1766 4502 1924 4570 augmented
1935 4503 1971 4573 by
1982 4503 2028 4557 the
2040 4520 2081 4557 re-

620 4584 786 4637 membranee
799 4579 952 4650 osthe'part
964 4580 1044 4634 taken
1055 4581 1091 4650 by
1103 4580 1155 4633 this
1165 4580 1252 4649 Roget
1263 4580 1364 4649 against
1376 4579 1422 4633 the
1435 4581 1633 4650 independence
1646 4582 1678 4636 os
1684 4582 1731 4637 the
1744 4585 1860 4639 Scottish
1872 4586 1981 4651 charch,
1995 4588 2022 4643 in
2035 4589 2082 4644 the

619 4685 681 4739 year
697 4670 773 4721 1164.
886 4663 896 4688 ¹
914 4663 1063 4734 According
1073 4673 1102 4718 to
1112 4663 1186 4727 Mil,
1201 4663 1235 4718 he
1250 4681 1304 4718 was
1313 4664 1485 4718 consecrated
1495 4665 1523 4717 in
1538 4668 1618 4727 1169;
1633 4666 1681 4720 but
1693 4686 1727 4721 an
1739 4668 1882 4725 additional
1891 4671 1985 4743 degree
1997 4672 2030 4727 01
2036 4691 2082 4728 au-

584 4764 594 4783 ·
621 4751 720 4822 thority
731 4751 753 4805 is
766 4748 860 4805 affixed
872 4758 901 4803 to
913 4767 962 4802 our
976 4747 1125 4811 Chronicle,
1139 4747 1205 4801 srom
1224 4748 1270 4802 the
1288 4747 1341 4801 fact
1359 4748 1391 4803 os
1404 4747 1451 4802 the
1470 4749 1518 4803 ath
1530 4748 1563 4803 01
1578 4749 1682 4820 August
1696 4753 1766 4809 1170
1784 4752 1880 4824 having
1890 4754 1970 4810 fallen
1982 4774 2084 4827 upana

624 4835 740 4913 Sunday.
867 4831 893 4856 '¹
910 4834 961 4887 See
974 4832 1072 4886 Hooed.
1092 4832 1137 4885 sol.
1157 4835 1228 4894 2955
1248 4832 1337 4901 along
1355 4842 1469 4888 account
1488 4832 1520 4887 01
1533 4832 1588 4888 him
1605 4835 1628 4889 is
1646 4835 1762 4891 inserted
1779 4837 1806 4891 in
1825 4837 1870 4893 M.
1892 4839 1976 4905 Pan'a,
1996 4857 2024 4912 p.
2036 4844 2081 4895 82.

623 4922 684 4989 (27)
697 4917 708 4941 ¹
722 4919 928 4990 SeeBrompton,
943 4916 993 4972 cos.
1010 4919 1092 4980 1069,
1112 4916 1157 4971 M.
1172 4916 1256 4979 Parit,
1270 4934 1297 4987 p.
1307 4917 1352 4976 07.
