4710 6434
419 740 441 803 8
763 728 1092 806 CHRONICA
1126 730 1202 806 DE
1236 730 1523 807 MAILROS.
1663 732 1764 807 A.D.
1793 734 1878 818 767.

470 938 578 1012 Anno
605 937 829 1037 ncc⁰.lx⁰.vij.
850 936 947 1014 Etha
969 938 1082 1013 fidelis
1101 938 1309 1014 anachorita
1332 941 1368 1013 in
1394 936 1500 1013 Creic
1518 939 1624 1036 juxta
1651 936 1880 1015 Eboracum¹¹

416 1058 569 1133 feliciter
587 1056 687 1131 obiit.

469 1178 577 1252 Auno
603 1178 845 1277 ncc⁰.lx⁰.viij⁰
872 1177 1078 1254 Eadbertus
1106 1177 1288 1279 quondam
1314 1204 1388 1264 rex,
1424 1181 1459 1252 in
1487 1179 1656 1253 clericatu
1681 1190 1717 1253 ct
1739 1180 1877 1255 servitio

419 1298 491 1372 Dei
509 1296 659 1372 feliciter
677 1298 787 1372 obiit.l

470 1416 550 1517 lpso
569 1441 663 1491 anno
685 1416 890 1517 Stephanus
907 1444 1015 1518 papa,
1033 1430 1069 1493 et
1087 1444 1149 1493 rex
1168 1417 1387 1494 Francorum
1407 1419 1555 1518 Pipinus
1573 1419 1749 1493 obierunt.

470 1535 548 1611 Rex
569 1536 745 1611 Alcredus
763 1536 803 1612 N
805 1538 1034 1613 orthumbriae
1053 1539 1192 1638 accepit
1208 1540 1372 1639 reginam
1392 1538 1624 1639 Osgeivam.¹¹¹

470 1656 577 1730 Anno
604 1657 821 1731 ncc⁰.lx⁰.ix⁰
847 1656 1053 1733 Earnredus
1080 1662 1251 1756 tyrannus
1283 1658 1514 1733 Ceteradlam
1540 1657 1734 1743 succendit,
1761 1659 1876 1756 quiet

415 1778 492 1876 ipse
509 1776 674 1850 incendio
692 1777 807 1876 periit.

468 1894 610 1969 Eodem
628 1920 722 1970 anuo
741 1897 927 1995 imperium
945 1899 1054 1972 ctiam
1074 1895 1319 1972 Romanomm
1338 1921 1420 1973 cum
1437 1922 1550 1997 regno
1570 1895 1788 1971 Francorum
1804 1894 1876 1970 Ka·
1908 1904 1955 1960 nr.
1969 1908 1995 1962 2.
2010 1911 2036 1963 b.

417 2016 493 2091 rolo
512 2013 666 2116 Magno,
685 2017 762 2116 regi
782 2015 899 2116 Pipini
917 2016 1001 2101 filio,
1020 2016 1222 2115 subjed'cum
1239 2017 1301 2092 est.

467 2137 576 2211 Anno
594 2136 748 2211 ocelxx.

467 2256 575 2331 Anno
593 2257 776 2355 ncc⁰.lxxj.
800 2256 967 2331 Sibaldus
986 2258 1097 2332 abbas
1115 2258 1215 2332 obiit.

466 2375 752 2474 Ecgrienleoror
770 2376 816 2448 ad
833 2378 1047 2450 consortium
1064 2376 1198 2450 translit
1216 2378 1424 2451 eleslorum.

469 2494 552 2568 Olla
571 2492 650 2566 Rex
669 2493 887 2568 Merciorum
907 2493 1101 2593 Hestingos
1118 2494 1182 2567 fibi
1199 2521 1262 2594 per
1281 2522 1380 2567 arma
1397 2495 1548 2593 subegit.

468 2612 576 2686 Anno
594 2613 774 2711 ncclxxij.
797 2612 983 2687 PittellusP
1000 2614 1072 2686 dux
1086 2626 1123 2687 et
1141 2613 1378 2687 Sunuthuifus
1396 2613 1509 2687 abbas
1523 2613 1687 2686 obierunt
1705 2616 1740 2686 in
1758 2640 1860 2713 pace.

467 2731 576 2806 Anno
594 2732 786 2830 ncclxxiij.
817 2731 1012 2807 Hadwinus
1030 2732 1174 2806 antistes
1191 2732 1356 2807 aecclesrae
1384 2731 1580 2831 Migenlisq
1597 2733 1697 2817 obiit,
1715 2760 1779 2833 pro
1800 2760 1872 2832 quo

418 2851 650 2926 Leuthfridus
667 2852 879 2952 subrogatus
898 2852 959 2926 est.

467 2971 607 3046 Wlfeht
626 2972 738 3045 abbas
758 2971 1020 3047 Beverlaceusis
1037 2975 1203 3074 migravit
1221 2974 1266 3047 ad
1287 2972 1495 3048 Dominum.

467 3090 637 3166 Albertus
656 3091 889 3166 Eboraceufis
907 3093 1056 3192 suscepit
1074 3094 1220 3193 pallium
1240 3093 1285 3167 ab
1306 3092 1466 3167 Adriano
1487 3119 1583 3192 papa
1600 3092 1662 3167 fibi
1681 3094 1868 3167 directum.

466 3209 574 3285 Anno
592 3212 796 3310 ncnlxxiiij.
828 3211 1019 3286 Aldredusr
1035 3238 1097 3286 rex
1115 3214 1183 3287 suis
1201 3212 1389 3288 destitutus
1406 3214 1556 3286 mutavit
1583 3238 1734 3312 regnum
1752 3214 1868 3297 exilio,

416 3332 472 3404 cui
491 3331 649 3405 successit
666 3329 882 3406 AEdelredus
899 3332 991 3406 lilius
1011 3332 1115 3409 Moll.

466 3450 549 3527 Offa
564 3449 648 3525 Rex
666 3451 884 3526 Merciorum
910 3454 1083 3553 pugnavit
1101 3466 1224 3528 contra
1244 3452 1441 3528 Kentenses
1459 3454 1555 3553 apud
1576 3453 1816 3536 Ottansorde,⁸
1833 3465 1869 3525 et

414 3572 516 3645 clade
533 3571 709 3646 horrenda
727 3574 892 3673 utrinque
910 3574 1058 3672 peracta
1076 3575 1316 3674 triumphavit.

466 3690 546 3791 lpso
565 3717 659 3766 anno
677 3691 738 3765 visi
756 3694 835 3766 suut
853 3694 888 3764 in
907 3693 999 3766 coelo
1016 3693 1136 3767 nubea
1153 3692 1252 3793 signa
1263 3691 1341 3791 post
1363 3694 1528 3765 occasum
1540 3692 1633 3774 solis,
1651 3703 1687 3763 et
1704 3692 1868 3765 horrendi

414 3814 591 3908 serpentes
608 3810 669 3883 visr
687 3811 819 3883 suntin
841 3808 998 3882 Sudsexc
1016 3836 1098 3880 cum
1115 3835 1249 3906 magua
1267 3810 1511 3881 admiratione.

466 3928 573 4000 Anno
591 3928 767 4001 ncclxxv.
783 3926 933 4023 Antiqui
961 3926 1133 4011 Saxones
1158 3924 1361 4024 undegens
1380 3923 1581 4023 Anglorum
1605 3925 1796 4009 descendit,
1824 3930 1869 4000 ad

410 4045 597 4119 ¹Christum
614 4046 770 4121 conversi
788 4046 877 4119 sunt.

464 4163 605 4239 Eodem
629 4192 721 4240 anno
742 4166 930 4266 Cynothus
953 4192 1015 4241 rex
1035 4166 1219 4240 Pictorum
1237 4163 1336 4249 obiit,
1360 4176 1396 4239 ot
1415 4162 1592 4237 Eadulfus
1615 4165 1687 4238 dux
1711 4190 1774 4262 per
1792 4166 1867 4238 inli-

413 4285 491 4357 dias
509 4296 635 4384 captus
653 4286 895 4361 fraudulenter
914 4288 1098 4361 occiditur.

465 4403 618 4480 Karolus
639 4430 699 4479 rex
719 4405 936 4480 Fraucorum
947 4405 1189 4480 famosissimus
1210 4406 1371 4480 Saxones
1385 4404 1576 4478 debellavit
1593 4418 1629 4477 et
1650 4405 1866 4502 provinciam

411 4521 578 4596 Bowheri
596 4525 678 4598 olim
697 4552 720 4598 a
738 4525 884 4600 Francis
902 4525 1099 4626 oppressam
1117 4526 1179 4599 suo
1197 4524 1346 4624 subjecit
1364 4525 1522 4623 imperio.

449 4722 460 4751 '⁸
476 4722 536 4776 Teu
549 4722 622 4776 milcs
635 4722 733 4777 dietam
754 4722 820 4777 from
835 4725 916 4777 York.
956 4728 983 4778 S.
998 4725 1120 4777 Dunelm.
1135 4723 1185 4777 col.
1202 4725 1261 4776 106.
1391 4722 1399 4754 ¹
1416 4722 1496 4791 Upon
1509 4721 1556 4774 tlre
1569 4720 1635 4774 aoth
1647 4721 1699 4792 dary
1710 4719 1742 4773 os
1752 4722 1864 4789 August.

413 4805 637 4860 anomaeos.
655 4810 713 4860 106.
805 4805 825 4829 ““
841 4808 966 4877 Osgcam.
1006 4809 1033 4861 S.
1044 4808 1165 4860 Dunelm.
1175 4804 1225 4860 col.
1243 4808 1301 4859 106.
1393 4804 1406 4827 ¹¹
1421 4804 1550 4873 Egilricot
1560 4804 1664 4857 Lector.
1704 4806 1731 4856 S.
1743 4805 1864 4857 Dunelm.

412 4887 463 4940 col.
480 4890 539 4947 107.
649 4888 759 4944 ¹’Pictcl
771 4891 826 4945 dux
846 4902 873 4944 et
888 4890 1016 4945 Soithulf
1032 4892 1122 4946 abbas.
1161 4892 1189 4944 S.
1203 4889 1325 4942 Dunelm.
1348 4887 1399 4941 col.
1416 4889 1475 4944 107.
1584 4887 1596 4918 ‘¹
1612 4887 1765 4957 Nugensis?
1789 4889 1864 4941 Gale.

412 4969 421 4991 ¹
437 4971 529 5026 Called
543 4971 670 5029 Alcrcdus
682 4975 718 5045 by
730 4977 759 5030 S.
772 4977 893 5031 Dunelm.
908 4976 958 5031 col.
975 4977 1033 5032 107.
1177 4974 1186 4997 ¹
1201 4973 1271 5028 Now
1286 4970 1389 5036 otford,
1410 4972 1437 5026 in
1452 4971 1533 5035 Kent,
1548 4990 1593 5027 sce
1606 4971 1650 5027 M.
1666 4974 1750 5035 Poris,
1765 4973 1792 5026 in
1801 4972 1866 5026 ¹lsrto

415 5052 483 5110 Offae
497 5054 620 5123 Secundi,
634 5074 664 5128 p.
678 5060 720 5114 11.
