4716 6428
320 643 420 719 AJ).
444 646 550 724 1207.
672 638 993 719 CHRONICA
1028 642 1099 720 DE
1134 643 1420 721 MAILROS.
1712 660 1781 736 107

316 871 352 933 et
370 884 461 933 onus
479 882 602 931 eorum
619 855 685 929 erit
708 855 744 929 in
762 856 936 931 solatium.
990 857 1076 932 Non
1094 860 1236 933 modica
1256 861 1370 935 nubes
1393 861 1537 961 incipiet
1560 864 1693 963 pluere,
1717 868 1777 964 qui

316 993 423 1054 natus
441 977 492 1053 est
509 979 715 1052 immutator
732 976 878 1050 seculi.'’

369 1097 471 1173 Obiit
490 1097 656 1173 Vdardus
674 1097 787 1173 abbas
805 1097 851 1170 de
872 1097 1031 1197 Cupra*
1052 1109 1088 1173 et
1108 1098 1283 1175 Ricardus
1300 1102 1468 1175 successit.

366 1220 475 1293 Anno
489 1220 661 1319 mccviij.
676 1218 796 1293 mense
811 1217 963 1303 Marcio,
975 1245 1031 1292 xv.
1047 1219 1173 1295 diebus
1187 1232 1270 1295 ante
1284 1222 1414 1320 pascha
1432 1223 1544 1321 [Mar.
1559 1224 1655 1322 22],ἱι
1673 1227 1776 1301 inter-

315 1340 413 1415 dieta
424 1338 706 1441 estAnglia,hao
717 1339 763 1413 de
775 1363 895 1413 causa.
906 1338 1091 1413 Desun6t0
1102 1340 1347 1415 Cantauriensr
1359 1342 1635 1444 archiepiscopo,
1648 1347 1778 1421 scilicet

318 1460 479 1535 Waltero
496 1458 675 1546 Hubert0,
688 1459 789 1533 fana
806 1458 857 1532 est
871 1457 1028 1533 dissensio
1043 1460 1269 1561 interregem
1284 1474 1319 1536 et
1333 1464 1528 1537 monachos
1541 1466 1586 1539 do
1601 1466 1777 1541 eledtione

315 1580 503 1679 pontilicis,
530 1580 639 1654 alium
663 1604 749 1680 rege
774 1579 882 1652 alium
906 1580 1089 1653 monachis
1113 1581 1338 1680 eligentibus
1395 1583 1489 1657 Cum
1513 1598 1632 1660 autem
1660 1589 1777 1686 plures

315 1700 570 1775 monachorum
587 1698 757 1775 venissent
773 1698 926 1773 Romam
944 1725 1006 1798 pro
1025 1700 1136 1775 causis
1154 1700 1370 1801 singulorum
1388 1704 1595 1791 electorum,
1615 1709 1777 1807 apostoli·

315 1846 378 1896 cus
391 1819 636 1895 dissensionem
650 1844 773 1894 eornm
792 1817 941 1893 audiens
954 1819 1097 1893 cassavit
1111 1820 1306 1897 elestiones
1323 1822 1550 1923 singulorum,
1569 1828 1777 1927 praecipiens

316 1953 355 2014 ut
372 1941 418 2016 de
434 1966 528 2015 novo
547 1940 757 2017 cononicam
774 1941 935 2014 facerent
953 1941 1168 2014 elediionem
1191 1967 1311 2015 coram
1335 1944 1421 2043 ipso,
1446 1957 1482 2019 et
1500 1946 1685 2047 elegerunt
1702 1975 1776 2022 mu·

315 2062 461 2161 gistrum
482 2062 705 2161 Stephanum
724 2060 769 2135 de
786 2060 990 2162 Langetum
1009 2073 1045 2135 et
1062 2061 1193 2160 scripsit
1209 2088 1331 2163 proco
1349 2066 1425 2165 regi
1439 2064 1584 2167 Anglie,
1598 2093 1776 2143 commen·

316 2182 406 2258 dans
423 2183 456 2258 ei
479 2183 663 2283 personam
682 2182 770 2282 ejus,
789 2194 829 2255 ut
847 2207 930 2256 eum
953 2183 1136 2281 reciperet.
1192 2183 1270 2258 Ilerr
1294 2196 1414 2259 autem
1432 2187 1586 2286 graviter
1612 2188 1775 2271 ossensns,

316 2316 393 2378 tum
416 2304 501 2402 quia
518 2302 649 2379 cassata
667 2303 719 2377 est
737 2302 868 2377 electio
887 2303 965 2401 ejus
982 2314 1058 2376 tum
1076 2304 1161 2402 quia
1183 2305 1349 2378 monachi
1367 2332 1458 2405 quos
1475 2307 1548 2405 ipse
1572 2309 1777 2405 promiserat

316 2437 441 2499 contra
466 2423 728 2523 promissionem
755 2425 857 2498 suam
884 2424 1057 2513 fecerant,
1081 2424 1214 2522 juravit
1241 2425 1338 2523 quod
1359 2449 1543 2524 nunquam
1566 2427 1776 2525 praedidlum

319 2543 544 2643 Stephanum
573 2544 759 2643 reciperet.
814 2543 914 2642 Papa
942 2569 1025 2617 roro
1054 2543 1115 2617 diu
1142 2544 1311 2630 sustinuit,
1338 2545 1493 2620 scribens
1520 2559 1557 2620 et
1587 2548 1777 2621 exhortans

316 2689 437 2766 regem
461 2665 522 2739 sed
542 2664 651 2740 nichil
678 2663 874 2739 exortando
892 2663 1064 2764 profecit;
1092 2665 1200 2749 unde,
1218 2664 1306 2738 ficut
1328 2665 1540 2764 praedidium
1564 2666 1627 2753 est,
1649 2680 1776 2743 terram

314 2786 411 2860 suam
429 2785 620 2870 interdixit,
639 2785 690 2858 ita
707 2796 747 2858 ut
764 2810 831 2859 nec
849 2784 1013 2883 privatim
1034 2809 1101 2858 nec
1118 2783 1260 2883 publice
1285 2797 1498 2871 cantaretur,
1517 2800 1554 2860 et
1572 2788 1620 2860 ita
1639 2788 1776 2862 fastum

315 2905 365 2980 est
382 2918 422 2980 ut
438 2930 507 2980 nec
524 2905 682 2979 morituri
701 2905 987 2979 communionem
1004 2930 1072 2978 nec
1090 2905 1217 2979 mortui
1235 2904 1407 2979 haberent
1425 2907 1651 3004 sepulturam.

365 3024 467 3102 Obiit
487 3023 695 3124 Philippusb
715 3023 988 3099 Duuhelmensrs
1006 3025 1203 3123 episcopus.

366 3145 498 3222 Clerici
516 3146 683 3220 timentes
701 3145 796 3253 regis
813 3144 1077 3244 tyrannidembb
1097 3143 1276 3218 Oxoniam
1299 3146 1374 3218 sere
1398 3170 1522 3219 omnes
1547 3146 1775 3245 reliquerunt,

315 3266 418 3366 pauci
438 3277 560 3341 autem
577 3277 804 3341 remanentes
822 3289 893 3339 non
915 3265 1027 3340 multo
1045 3277 1206 3364 tempore
1229 3264 1308 3364 post
1331 3277 1474 3364 propter
1493 3266 1690 3339 divinorum
1709 3269 1776 3340 sns-

315 3385 484 3487 pendium
502 3411 547 3460 cx
564 3397 641 3460 toto
658 3384 778 3460 villam
801 3384 1046 3460 interdicendo
1070 3384 1294 3469 recesserunt,
1312 3385 1441 3485 partim
1464 3385 1560 3485 apud
1581 3383 1776 3486 Radinges,

316 3508 444 3606 partim
464 3505 628 3581 Parisius.

367 3626 468 3704 Obiit
481 3627 658 3727 dompnus
671 3625 845 3701 Ricardus
856 3626 968 3701 abbas
982 3625 1027 3701 de
1041 3625 1241 3723 Kelchou,†
1255 3626 1313 3699 cui
1327 3625 1482 3699 successit
1496 3624 1673 3701 Henricus
1684 3628 1777 3725 prior

317 3747 474 3847 ejusdem
492 3747 631 3833 domno,
649 3771 705 3820 xv.
724 3746 897 3821 kalendas
915 3746 937 3821 J
940 3747 1000 3821 ulii
1022 3745 1060 3845 [J
1063 3771 1122 3819 un.
1145 3745 1221 3844 17].

318 3987 521 4062 dedicatum
539 3987 591 4061 est
608 4012 631 4061 a
651 3985 855 4062 Willclmoc
872 3987 1037 4087 episcopo
1056 3986 1168 4061 sancti
1188 3985 1345 4060 Andree.

366 4106 470 4183 Obiit
488 4106 695 4183 Gilebertus
713 4106 894 4207 quondam
908 4106 1021 4182 abbas
1042 4106 1088 4181 de
1108 4106 1279 4190 Alnewic,
1298 4106 1354 4179 cui
1378 4104 1535 4180 successit
1558 4105 1594 4178 in
1616 4130 1709 4179 anno
1728 4108 1778 4179 se·

318 4228 440 4328 quenti
465 4227 651 4303 Galsridus
677 4226 791 4304 abbas
816 4227 862 4303 de
890 4227 1055 4313 Driburc,
1079 4228 1114 4300 in
1139 4227 1240 4326 cujus
1261 4225 1341 4300 loco
1365 4226 1503 4300 clodius
1529 4225 1579 4299 est
1603 4226 1778 4325 dompnus

322 4346 522 4425 Willelmus
539 4349 633 4449 prior
651 4348 698 4421 de
716 4348 871 4423 Driburc
889 4349 925 4422 in
944 4347 1112 4423 abbatem
1130 4346 1288 4446 ejusdem
1306 4346 1444 4421 domus.

370 4468 552 4544 Walterus
576 4468 715 4544 elesius
735 4468 988 4569 Glasguiensrs,
1006 4467 1142 4567 quesita
1159 4467 1304 4542 licentia
1321 4466 1466 4566 dompni
1490 4464 1619 4566 papas
1642 4467 1677 4538 in
1696 4466 1778 4539 sede

364 4622 426 4691 (88)
444 4620 457 4643 ¹
472 4623 607 4695 Knyglisori
623 4621 696 4693 gives
714 4621 762 4676 the
780 4640 852 4677 some
870 4623 939 4685 date,
960 4621 1011 4677 col.
1031 4624 1111 4675 2415.
1151 4621 1231 4691 Upon
1249 4620 1302 4673 this
1321 4619 1434 4690 disputa,
1454 4636 1500 4673 see
1519 4618 1564 4671 ils.
1579 4620 1663 4679 Paris,
1678 4635 1704 4687 p.
1719 4620 1778 4671 iso.

321 4704 334 4737 ⁸
353 4704 440 4777 Philip
451 4704 484 4761 os
494 4707 628 4769 Poictiers,
644 4705 739 4777 bishop
753 4706 785 4760 os
794 4706 922 4771 Durliam,
944 4706 1004 4760 died
1017 4709 1078 4760 2lst
1092 4705 1247 4775 September
1262 4706 1339 4757 1208.
1468 4702 1494 4733 ¹¹¹³
1517 4701 1576 4755 The
1589 4718 1668 4754 cause
1680 4698 1713 4753 os
1726 4700 1779 4753 this

320 4806 379 4861 may
389 4790 423 4845 be
434 4807 499 4845 seen
510 4790 538 4843 iu
551 4791 596 4844 M.
611 4792 696 4853 Paris,
711 4809 738 4861 p.
755 4796 815 4845 159.
923 4790 934 4815 ⁶
958 4790 1073 4844 Williarn
1089 4790 1237 4852 hlnlroisiu,
1251 4788 1347 4858 bishop
1360 4786 1392 4840 os
1401 4786 1431 4840 St
1446 4786 1584 4839 Audiens.
1714 4786 1733 4821 *
1750 4782 1781 4836 Iri

320 4872 366 4929 the
376 4874 475 4945 margin
487 4874 521 4929 os
527 4873 574 4929 the
586 4874 749 4945 manuscript
761 4892 806 4929 are
818 4874 905 4929 added
913 4874 961 4929 the
973 4874 1069 4936 words,
1092 4881 1110 4905 “
1119 4874 1154 4943 vj.
1168 4874 1249 4927 abbas
1262 4872 1296 4925 de
1311 4872 1427 4941 Cupro.’'
1454 4872 1469 4937 †
1483 4869 1514 4923 ln
1527 4868 1574 4922 the
1587 4866 1684 4937 margin
1705 4874 1724 4897 ·‘
1734 4868 1780 4919 nli-

320 4956 367 5013 bei
377 4956 412 5015 de
426 4956 550 5015 Kelchou
562 4958 625 5030 iij.”
667 4960 684 5027 ss
698 4958 729 5013 Iri
741 4958 789 5015 red
800 4959 951 5016 characters
963 4976 999 5014 on
1011 4958 1058 5013 the
1068 4958 1167 5029 margin
1187 4964 1206 4990 “
1218 4958 1415 5025 [consecr]atur
1426 4952 1568 5023 episcopus
1582 4951 1779 5021 Glasguensiss’
