4716 6428
601 714 648 779 84
952 704 1271 780 CHRONICA
1307 703 1383 780 DE
1418 701 1709 778 MAILROS.
1824 702 1925 777 Α.Ι).
1957 708 2065 788 1171.

603 925 843 1009 detruncatur,
862 924 963 1022 cujus
980 923 1160 1022 sanguinis
1175 921 1352 995 ellusronis
1371 920 1533 1020 injuriam
1552 920 1715 995 omnibus
1727 921 1858 1021 linguis
1877 923 2068 1021 inexplica-

604 1044 712 1118 bilem
729 1046 764 1118 in
780 1071 903 1119 earnes
921 1044 1109 1142 impiorum
1127 1043 1284 1141 inprimis
1302 1043 1362 1140 qui
1381 1067 1471 1141 opus
1489 1041 1752 1116 abhominabile
1764 1053 2068 1142 perpetraverunt,

604 1178 821 1265 praeceptum
839 1166 1048 1249 statuerunt,
1073 1163 1253 1237 confilium
1271 1161 1629 1248 subministraverunt,
1648 1161 1821 1237 assensum
1839 1163 2068 1263 prebuerunt,

604 1286 748 1360 demum
766 1287 925 1360 induces
943 1297 979 1359 et
996 1284 1171 1383 sequellas
1189 1308 1312 1356 omnes
1331 1282 1521 1356 affistentes
1540 1285 1600 1383 qui
1618 1284 1724 1383 hujus
1742 1284 1881 1358 sceleris
1899 1286 2069 1360 scelerum

604 1407 765 1481 notitiam
785 1419 891 1480 antea
909 1406 1121 1489 habuerunt,
1140 1403 1293 1477 vindicet
1315 1429 1423 1502 quam
1442 1404 1569 1477 totius⁰
1597 1405 1742 1478 Domini
1769 1404 1911 1505 gladius
1937 1417 1974 1481 et
1992 1407 2069 1480 red·

605 1527 696 1602 ditor
715 1527 904 1601 altiffimus.

658 1647 758 1722 Obiit
777 1647 975 1721 Nicholaus
994 1645 1226 1720 cancellarius
1244 1645 1338 1744 regis
1360 1645 1559 1718 Scotorum.

659 1768 759 1842 Obiit
780 1768 950 1841 Conanus
971 1767 1043 1839 dux
1063 1765 1247 1838 Britannia
1266 1776 1302 1838 et
1320 1789 1439 1839 comes
1466 1766 1511 1838 de
1532 1763 1773 1840 Richemunt.f

659 1888 759 1962 Obiit
779 1888 931 1960 Ferchet
950 1911 1070 1961 comes
1088 1885 1132 1958 de
1156 1885 1351 1959 Strathem.

657 2007 762 2081 Mare
780 2008 889 2081 visum
908 2007 958 2079 est
976 2033 998 2079 a
1015 2007 1134 2078 multis
1153 2005 1276 2078 ardere
1294 2005 1330 2077 in
1350 2004 1495 2104 Anglia.

660 2128 835 2201 Radulfus
852 2127 1048 2201 monachus
1066 2127 1111 2199 de
1132 2124 1291 2223 Meylros
1309 2125 1405 2224 apud
1426 2125 1585 2224 Cupmm
1604 2126 1639 2199 in
1657 2138 1795 2226 patrem
1813 2129 1967 2229 eligitur,
1995 2144 2031 2205 et
2049 2158 2071 2205 a

611 2248 763 2323 Ricarde
791 2249 955 2346 episcopo
982 2247 1095 2320 saneti
1115 2240 1273 2330 Andr'ee,
1298 2247 1332 2318 in
1351 2246 1595 2344 purificatione
1619 2246 1727 2321 beate
1747 2247 1864 2322 Maria
1888 2249 1995 2348 [Feb.
2015 2251 2069 2350 2],

610 2368 705 2467 apud
728 2368 969 2467 Coldingham
988 2368 1023 2439 in
1042 2365 1211 2439 abbatem
1229 2365 1462 2440 benedicitur.

664 2489 875 2588 Sepulcrum
892 2488 941 2587 pii
960 2488 1068 2586 patris
1086 2486 1191 2559 nostri
1211 2486 1355 2583 dompni
1377 2486 1533 2561 Walleui
1563 2486 1702 2562 abbatis
1732 2487 1875 2563 secundi
1904 2492 1949 2564 de
1979 2492 2070 2566 Mel·

610 2609 703 2693 roS,*
723 2607 850 2681 abone
864 2608 1033 2680 memorie
1050 2606 1239 2703 Ingeramo
1257 2606 1465 2705 Glasguensr
1478 2608 1654 2706 episcope,
1673 2620 1710 2681 et
1724 2609 1812 2707 iiije.
1826 2609 2015 2685 abbatibus
2026 2613 2072 2686 ad

610 2729 679 2803 hoc
697 2730 843 2813 vocatis
862 2730 1053 2801 reseratum
1066 2726 1128 2810 est,
1147 2739 1184 2799 et
1195 2752 1323 2824 corpus
1335 2728 1411 2825 ejus
1429 2728 1608 2827 integrum
1619 2730 1800 2802 inventum
1815 2741 1852 2803 et
1865 2732 2072 2806 vestimenta

611 2850 758 2934 intacta,
778 2874 871 2922 anne
889 2848 954 2945 xij⁰
980 2847 1098 2920 obitus
1116 2847 1177 2929 sui,
1197 2848 1245 2944 xj.
1266 2847 1437 2920 kalendas
1456 2847 1552 2921 Junii
1575 2846 1675 2946 [Jun.
1696 2848 1775 2948 22].
1814 2849 1863 2923 Et
1881 2851 1958 2948 post
1976 2854 2073 2927 sacra

610 2970 786 3044 missarum
806 2969 999 3066 solempnia
1016 2967 1110 3040 idern
1131 2967 1274 3040 antistes
1289 2978 1325 3039 et
1343 2966 1504 3051 abbates
1525 2972 1972 3066 quospraenumeravimus,
1991 2998 2072 3046 curn

611 3089 715 3189 ipsius
729 3089 927 3163 monasterii
943 3089 1102 3160 universo
1117 3100 1306 3171 conventu,
1318 3089 1421 3186 super
1432 3088 1541 3186 ipsam
1550 3088 1749 3162 sanetiffimi
1761 3092 1917 3189 corporis
1928 3092 2072 3192 glebam
2169 3172 2173 3179 ,

610 3211 800 3309 posuerunt
816 3208 972 3307 lapidem
990 3234 1132 3292 norum,
1152 3208 1187 3280 id
1214 3207 1276 3292 est,
1303 3233 1456 3281 marmor
1480 3208 1650 3307 politum;
1679 3221 1714 3283 et
1744 3210 1844 3284 facta
1874 3211 1926 3284 est
1954 3212 2073 3287 leticia

610 3356 754 3429 magna,
773 3328 1077 3402 conclamantibus
1095 3328 1155 3426 qui
1175 3328 1322 3401 aderant
1341 3340 1377 3400 et
1395 3327 1606 3414 dicentibus
1624 3354 1706 3403 vere
1724 3329 1782 3404 hie
1799 3330 1906 3404 homo
1923 3333 1996 3406 Dei
2009 3334 2071 3408 est.

663 3450 727 3523 Pie
746 3450 916 3523 memorie
943 3449 1119 3547 dompnus
1140 3448 1304 3532 Peneius,
1320 3447 1432 3521 abbas
1456 3448 1679 3534 Clareuallis,
1697 3451 1733 3522 in
1756 3452 1960 3550 episcopum
1977 3453 2072 3527 Clari

612 3572 748 3646 Montis
767 3570 908 3669 eligitur
927 3581 962 3641 et
981 3568 1113 3641 ibidem
1131 3569 1247 3667 pastor
1261 3569 1459 3666 praeficitur,
1472 3568 1659 3643 transsatus
1677 3582 1712 3643 et
1731 3569 1900 3645 assumtus
1919 3573 1963 3647 de
1982 3574 2073 3647 valle

610 3693 646 3764 in
663 3702 833 3774 montem,
853 3689 898 3761 de
920 3689 1028 3762 Clara
1045 3688 1136 3761 valle
1155 3688 1190 3759 in
1212 3688 1358 3761 Clarum
1377 3702 1547 3773 montem,
1566 3688 1611 3761 de
1630 3690 1790 3764 claritate
1809 3690 1844 3763 in
1863 3692 2072 3778 claritatem,

612 3825 784 3910 tanquam
804 3837 825 3882 a
845 3808 992 3882 Domini
1015 3808 1160 3907 Spiritu.

666 3931 789 4004 Simon
809 3929 853 4001 de
867 3929 901 4001 T
904 3929 997 4012 onei,
1025 3927 1221 4001 monachus
1240 3928 1284 4000 de
1305 3928 1452 4013 MelroS‚
1476 3929 1559 4002 olim
1578 3928 1690 4004 abbas
1718 3929 1763 4003 de
1787 3930 2020 4029 Kogeshala‚8
2037 3935 2072 4005 in

569 4126 572 4131 ,
613 4051 815 4150 episcopum
835 4048 1002 4122 Mureuie
1020 4048 1158 4121 elesius
1176 4047 1226 4119 est
1245 4061 1280 4121 et
1299 4048 1488 4122 adductus

666 4168 844 4243 Hernicus
872 4194 933 4241 rex
963 4167 1108 4267 Anglie,
1138 4193 1219 4242 curn
1248 4193 1357 4241 manu
1385 4169 1502 4241 valida
1530 4181 1566 4243 et
1596 4168 1721 4242 robore
1751 4196 1896 4271 magno,
1914 4170 2074 4247 visitandi

613 4289 741 4390 gratia,
760 4289 794 4361 in
816 4286 1037 4387 Hiberniam
1044 4301 1076 4347 1³⁸
1093 4300 1199 4360 vento
1218 4301 1254 4361 et
1271 4287 1350 4361 velo
1368 4288 1595 4388 transpositus
1612 4302 1648 4364 et
1666 4291 1919 4390 transportatus
1937 4293 1999 4367 est.

661 4407 873 4482 AEdtrardus
891 4409 1075 4507 episcopus
1093 4407 1138 4481 de
1158 4407 1328 4481 Aberden
1346 4408 1445 4483 obiit.

614 4592 772 4662 martyrdom
785 4591 817 4645 os
826 4592 926 4644 Becher
939 4592 960 4644 is
972 4591 1048 4660 given
1061 4592 1223 4661 bchrvase,
1237 4591 1296 4644 coll.
1315 4594 1439 4649 1414-17.
1481 4592 1505 4644 lt
1523 4592 1545 4644 is
1558 4592 1672 4661 singular
1690 4592 1749 4645 that
1766 4592 1814 4647 the
1826 4605 1895 4648 most
1913 4596 2018 4649 euricus
2030 4614 2074 4651 ac-

613 4687 695 4731 count
707 4675 739 4728 os
746 4675 792 4728 the
804 4675 848 4727 lise
861 4676 913 4728 nud
925 4675 1029 4728 murder
1042 4674 1073 4727 os
1084 4674 1191 4735 Becket‚
1207 4675 1310 4728 written
1323 4677 1358 4745 by
1371 4694 1422 4727 one
1436 4675 1497 4728 who
1509 4687 1592 4728 states
1605 4675 1663 4729 that
1673 4675 1708 4729 he
1718 4694 1772 4730 was
1784 4687 1891 4747 present
1899 4679 1973 4733 athis
1983 4679 2072 4744 death,

615 4762 667 4815 and
680 4760 811 4813 wounded
824 4760 850 4811 in
863 4758 1019 4829 attempting
1031 4768 1059 4811 to
1078 4777 1141 4811 save
1154 4758 1217 4817 him,
1231 4759 1327 4812 should
1340 4761 1374 4813 be
1387 4759 1438 4811 still
1457 4759 1608 4830 unprinted.
1649 4759 1709 4813 The
1727 4760 1791 4831 only
1803 4763 1964 4833 manuscript
1976 4764 2075 4817 known

616 4846 674 4899 isin
687 4844 733 4897 the
748 4843 867 4896 Arundel
880 4843 1028 4903 collection,
1043 4842 1123 4912 lately
1131 4842 1216 4895 added
1229 4853 1257 4895 to
1270 4843 1317 4897 the
1331 4843 1428 4896 British
1445 4843 1577 4897 hluseum.
1612 4843 1701 4897 There
1713 4844 1735 4896 is
1743 4862 1823 4915 every
1831 4863 1926 4899 reason
1936 4858 1965 4901 to
1972 4848 2074 4903 believe

617 4929 677 4983 that
685 4928 733 4982 the
746 4929 832 4981 writer
845 4946 899 4981 was
912 4927 958 4981 the
971 4926 1141 4980 well-known
1156 4928 1282 4981 Edmund
1296 4928 1394 4989 Gnate,
1409 4927 1456 4981 the
1468 4927 1553 4981 friend
1565 4927 1597 4981 os
1607 4928 1715 4982 Becker.
1860 4929 1871 4954 '
1889 4930 2078 4991 Quantocius‘?

615 5012 625 5043 ¹
641 5013 684 5066 He
697 5011 749 5066 had
762 5011 871 5065 married
887 5011 1025 5079 Margaret,
1039 5010 1086 5064 the
1099 5012 1174 5065 sister
1186 5011 1218 5064 os
1225 5012 1287 5080 king
1302 5011 1426 5073 William,
1440 5011 1467 5064 in
1483 5014 1560 5065 1160.
1668 5011 1682 5044 ⁸
1697 5011 1883 5083 Accordingto
1895 5014 2079 5070 theChmt‘cle

615 5098 648 5166 of
659 5097 791 5166 Cogerltate
809 5096 835 5148 in
853 5094 900 5148 the
919 5097 1050 5149 tattontan
1064 5095 1138 5155 MS..
1161 5095 1240 5165 Vesp.
1264 5095 1326 5148 Dar,
1349 5095 1440 5149 Simon
1458 5094 1492 5149 de
1512 5095 1608 5166 Teney
1619 5095 1744 5149 returned
1761 5106 1791 5150 to
1814 5096 1930 5152 Meirose
1948 5098 1976 5152 in
1996 5101 2074 5162 1168,

615 5179 661 5234 sol.
681 5183 725 5237 47.
764 5178 791 5211 ‘⁸
805 5179 903 5233 Hoved.
917 5178 962 5232 sol.
977 5182 1039 5233 301.
1077 5186 1090 5209 '
1102 5178 1146 5233 On
1158 5177 1205 5232 the
1218 5179 1315 5248 margin
1328 5178 1404 5232 there
1417 5179 1438 5233 is
1451 5178 1564 5243 written,
1579 5179 1606 5233 in
1618 5178 1776 5242 teutatem,
1793 5188 1812 5211 “
1828 5180 2030 5237 Memorandum
2042 5182 2077 5236 de

615 5262 785 5317 translatione
798 5263 951 5317 venerabilia
966 5261 1081 5317 Walleui
1093 5262 1194 5316 abbatis
1206 5261 1240 5316 de
1255 5261 1380 5316 Melros.”
