4716 6428
338 734 436 808 an.
469 680 574 808 ren.
691 731 1008 808 eunomios
1041 731 1117 808 nn
1151 734 1440 812 Mnrnaos.
1718 744 1782 818 ror

335 949 575 1023 miserabiliter
601 948 636 1021 in
657 944 851 1022 Caribdim.
904 944 1001 1019 Nam
1025 948 1162 1045 praesati
1184 948 1369 1024 Sarraceni
1393 950 1516 1048 perfidi
1537 952 1583 1025 de
1608 957 1784 1028 montanis

333 1069 468 1168 egressi,
486 1070 578 1168 ipsos
591 1066 704 1141 subito
722 1066 929 1140 invadentes
947 1078 983 1140 et
1000 1091 1063 1165 per
1076 1078 1187 1141 totam
1205 1062 1617 1171 nostem‘impugnantes
1630 1073 1783 1160 eosdem,

333 1190 412 1287 plus
430 1189 501 1262 duo
525 1188 631 1273 mille,
655 1199 695 1260 ut
711 1188 833 1272 fertur,
852 1185 1057 1260 occiderunt
1080 1212 1124 1261 ex
1147 1186 1239 1287 ipsis,
1258 1189 1479 1265 effundentes
1503 1193 1708 1292 sanguinem
1733 1197 1782 1268 in·

333 1321 520 1382 nocentem
538 1320 709 1408 tanquam
727 1332 858 1407 aquam
875 1307 910 1380 in
929 1307 1076 1380 circuitu
1097 1305 1297 1394 Ierusalem,
1315 1310 1402 1408 proh
1421 1311 1537 1386 dolor!
1565 1325 1601 1388 et
1618 1339 1688 1387 non
1707 1328 1783 1388 erat

332 1431 392 1528 qui
411 1429 582 1528 sepeliret.
621 1427 755 1501 Pueros
769 1439 805 1501 et
822 1427 957 1525 puellas
972 1428 1130 1526 captivas
1143 1428 1329 1515 duxerunt,
1344 1430 1483 1506 senibus
1496 1458 1566 1507 non
1584 1447 1782 1532 parcentes,

331 1562 367 1622 et
384 1575 474 1648 quos
492 1573 536 1624 ex
560 1548 707 1647 praefato
725 1547 857 1646 populo
875 1547 1037 1622 occidere
1060 1549 1260 1633 noluerunt,
1277 1550 1520 1626 miserabiliter
1540 1555 1780 1653 captivabant,

330 1682 548 1769 exponentes
576 1694 639 1743 eos
665 1668 809 1742 venales
836 1668 963 1742 ceteris
996 1667 1210 1743 Sarracenis
1266 1671 1361 1756 Quin
1390 1673 1498 1746 etiarn
1528 1673 1612 1747 dum
1643 1676 1779 1750 illorum

334 1790 592 1864 Saracenorum
612 1813 739 1862 manus
756 1812 800 1861 ex
821 1787 880 1861 illo
904 1789 1036 1887 populo
1059 1789 1168 1889 aliqui
1192 1791 1374 1864 evaserunt
1397 1792 1432 1864 in
1453 1791 1652 1868 Ramesl'em
1670 1797 1780 1895 plani-

330 1912 420 1984 ciem
439 1909 704 1993 descendentes
728 1907 807 2006 ipfis
824 1918 974 1982 mortem
991 1908 1210 2008 fugientibus
1227 1935 1321 1985 mors
1344 1923 1380 1986 et
1403 1912 1542 2012 gladius
1568 1915 1777 2014 supervenit.

330 2030 427 2105 Nam
449 2030 647 2106 Corosmini
665 2027 834 2103 hostiliter
857 2028 1039 2112 irruentes
1066 2029 1158 2127 ipsos
1175 2028 1363 2104 crudeliter
1386 2032 1602 2118 occiderunt,
1626 2048 1662 2108 et
1679 2036 1778 2110 saeta

327 2152 378 2226 est
396 2152 530 2252 strages
543 2150 633 2224 inter
646 2158 803 2222 mortuos
816 2160 852 2221 et
870 2147 1029 2246 captivos
1041 2147 1138 2247 quod
1151 2173 1196 2222 ex
1208 2159 1285 2222 toto
1303 2151 1434 2248 populo
1448 2153 1503 2225 vix
1518 2156 1658 2228 evasere
1672 2155 1778 2240 eccs,

325 2272 532 2348 catervatim
551 2272 586 2344 in
607 2268 718 2368 Iopen
736 2268 919 2343 venientes
935 2269 1107 2343 vulnerati
1126 2278 1162 2342 et
1180 2269 1333 2343 semivivi
1359 2270 1483 2345 relid'ti.
1539 2272 1632 2347 Cum
1655 2274 1777 2376 itaque

325 2395 469 2492 sanguis
486 2392 649 2466 innoxius
668 2390 712 2465 de
730 2402 823 2463 terra
841 2388 970 2462 clamet
988 2388 1035 2460 ad
1054 2388 1259 2473 Dominum,
1278 2389 1313 2461 in
1331 2391 1523 2489 conspectu
1536 2393 1647 2468 vestre
1665 2395 1776 2470 beati-

326 2513 469 2597 tudinis,
483 2513 519 2585 in
534 2508 805 2609 compassionem
819 2518 855 2581 et
867 2507 1139 2581 misericordiam
1153 2510 1285 2582 clamor
1299 2509 1376 2607 ejus
1389 2514 1631 2609 praesentetur!
1653 2514 1777 2589 Adim-

326 2635 460 2733 pletum
473 2632 524 2706 est
541 2630 648 2730 igitur
666 2630 768 2728 super
783 2627 973 2702 Ierusalem
985 2627 1190 2701 vaticinium
1211 2628 1372 2714 Ieremie,
1391 2642 1414 2675 “
1430 2631 1532 2705 Fasti
1550 2632 1627 2706 sunt
1646 2634 1775 2710 inimici

325 2755 402 2852 ejus
420 2755 455 2828 in
473 2752 590 2850 capite
608 2750 697 2848 ejus,
715 2746 793 2822 dies
812 2747 890 2821 sesti
914 2747 991 2846 ejus
1014 2747 1049 2820 in
1070 2748 1218 2832 lustum,
1236 2747 1385 2822 sabbata
1402 2750 1479 2848 ejus
1497 2751 1532 2824 in
1549 2751 1776 2851 obprobrium

326 2876 404 2949 sunt
421 2873 625 2947 conversa.”

377 2994 554 3068 Dolentes
572 2991 757 3066 referimus
775 2989 894 3074 etiam,
913 2988 1010 3087 quod
1028 3014 1109 3063 cum
1135 2990 1212 3088 post
1229 3000 1368 3063 tantum
1386 2991 1563 3066 excidium
1584 2993 1775 3071 Ierusalem

325 3115 447 3187 civitas
464 3111 562 3212 quafi
580 3111 653 3186 sola
671 3109 808 3185 sederet
824 3109 950 3209 majori
976 3120 1077 3208 parte
1095 3110 1215 3208 populi
1234 3109 1411 3194 destituta,
1435 3113 1556 3209 perfidi
1579 3113 1775 3190 Corosmini

326 3236 362 3307 in
381 3235 504 3332 ipsam,
522 3233 664 3308 nemine
682 3229 872 3314 resistente,
890 3229 1123 3314 intraverunt3
1150 3228 1333 3303 ecclesiam
1351 3230 1497 3329 sepulcri
1527 3233 1721 3320 Dominici,
1740 3250 1776 3311 et

324 3355 495 3452 populum
516 3353 754 3429 Christianum
777 3350 838 3448 qui
862 3347 908 3422 ad
932 3349 1042 3447 ipsam
1066 3350 1301 3448 confugerant
1323 3349 1371 3422 ibi
1395 3375 1459 3448 pro
1480 3350 1608 3426 Christi
1631 3357 1773 3431 nomine

323 3473 519 3547 martirium
541 3472 727 3571 recepturi,
753 3471 789 3544 in
813 3495 885 3568 qua
905 3469 1081 3543 Dominus
1103 3469 1218 3542 noster
1240 3468 1343 3544 Jesus
1364 3469 1522 3545 Christus
1548 3473 1638 3547 insra
1661 3479 1773 3552 crucis

324 3593 523 3693 patibulum
541 3592 664 3667 effudit
679 3591 888 3691 sanguinem
906 3592 1006 3665 suurn
1029 3590 1224 3688 preciosum
1247 3615 1310 3688 pro
1328 3590 1439 3665 salute
1456 3593 1598 3691 generis
1615 3594 1772 3682 humani,

324 3717 360 3788 in
379 3740 440 3788 ore
457 3713 567 3814 gladii
584 3711 826 3787 miserabiliter
844 3711 1074 3795 trucidarunt,
1093 3710 1296 3808 pavimenta
1313 3711 1422 3786 totius
1439 3711 1583 3787 ecclesie
1601 3715 1772 3815 sanguine

323 3836 505 3911 martirum
523 3833 752 3908 rubricantes.
790 3831 887 3919 Quid
905 3832 1028 3930 plura?
1048 3830 1256 3934 sacerdotes·
1265 3832 1300 3904 in
1319 3831 1488 3906 altaribus
1505 3832 1609 3932 ipsius
1627 3836 1772 3913 ecclesie

324 3955 556 4039 celebrantes,
574 3979 656 4028 cum
673 3951 896 4028 sacrosan8ca
912 3950 1064 4025 misteria
1082 3950 1306 4036 conficerent,
1325 3950 1488 4026 manibus
1511 3953 1697 4053 impiorum
1715 3984 1772 4032 ca·

186 4138 189 4143 .
323 4074 454 4173 pitibus
476 4074 675 4149 detruncati
699 4074 828 4172 seipsos
852 4071 935 4146 Deo
958 4071 1048 4170 patri
1072 4072 1107 4145 in
1131 4072 1338 4146 sacrificium
1361 4071 1575 4149 obtulerunt.
1630 4075 1771 4153 Oselix

323 4195 440 4269 anima
465 4194 622 4294 magistri
647 4193 743 4268 Petri
769 4192 813 4268 de
841 4191 1076 4267 Montrandal
1106 4189 1299 4276 Remenfis,
1323 4204 1359 4265 et
1386 4192 1572 4268 Sconensis
1597 4199 1771 4285 canonici,

322 4339 463 4389 crucem
482 4313 629 4389 Domini
647 4313 838 4413 bajulando
856 4315 997 4389 secutus
1014 4312 1065 4386 est
1082 4337 1175 4387 eum.
1219 4311 1312 4386 Cum
1330 4313 1476 4387 enimin
1494 4315 1641 4390 ecclesia
1658 4319 1770 4418 sepul·

321 4435 370 4509 cri
390 4435 535 4509 Domini
554 4434 773 4509 celebrarent
791 4434 826 4508 in
843 4435 923 4508 loco
946 4432 1087 4535 proprio
1105 4458 1177 4533 quo
1194 4433 1286 4508 filius
1306 4433 1380 4507 Dei
1400 4434 1484 4508 Deo
1511 4436 1600 4534 patri
1624 4437 1769 4514 vistima

320 4555 371 4629 est
395 4553 547 4640 oblatus,
571 4554 719 4654 seipsum
748 4553 794 4628 ab
820 4554 936 4653 impiis
959 4553 1154 4627 trucidatus
1180 4551 1307 4627 obtulit
1330 4552 1477 4627 hostiam
1505 4552 1589 4628 Jesu
1615 4555 1766 4633 Christo.

323 4672 441 4773 Hujus
458 4700 541 4749 vero
557 4675 691 4774 p’erfide
717 4673 833 4775 gentis
851 4672 1009 4747 sordities
1027 4684 1063 4746 et
1081 4671 1271 4746 crudelitas
1293 4671 1427 4746 infinita
1449 4673 1662 4749 Sarracenos
1680 4677 1768 4753 alios

320 4795 354 4867 in
379 4794 538 4894 nequitia
564 4795 739 4894 superavit
764 4793 958 4877 universos;
984 4792 1152 4892 quicum
1177 4790 1367 4866 Ierusalem
1392 4793 1506 4890 sepius
1528 4795 1766 4895 occupassent,

320 4926 501 5015 utcunque
524 4915 560 4989 in
578 4913 805 4990 veneratione
823 4912 1025 4997 servabant;
1046 4911 1196 4996 Grecos,
1216 4912 1404 4997 Armenos,
1422 4911 1606 4989 Jacobitas
1623 4927 1659 4990 et
1677 4917 1765 4993 alios

686 5057 712 5107 x
