4716 6428
318 675 417 751 A.D.
441 675 548 761 1167.
671 675 992 777 CHRONICA
1025 675 1101 751 DE
1136 675 1423 752 MAILROS.
1725 689 1770 755 81

362 885 471 960 Anno
489 885 665 984 mclxvij.
687 884 788 959 Obiit
805 886 863 985 pie
881 887 1052 959 memorie
1075 886 1267 972 Aldredus,
1294 888 1343 986 iij.
1372 886 1484 961 abbas
1511 885 1693 974 Rieuallis,
1713 892 1770 963 cui

311 1004 468 1081 succedit
490 1005 658 1079 Siluanus
676 1005 788 1080 abbas
807 1006 852 1080 de
872 1006 1139 1080 Dunerainana

361 1126 462 1201 Obiit
488 1124 656 1226 magister
675 1125 853 1200 Robertus
871 1128 916 1201 de
944 1126 1083 1201 Melum
1110 1128 1295 1226 episcopus
1318 1126 1528 1201 venerabilis
1549 1127 1774 1214 Heresordie,

310 1245 535 1322 cuisuccellit
548 1245 727 1321 Robertus
741 1246 786 1320 de
802 1247 932 1322 Foliot.
970 1246 1071 1321 Obiit
1087 1247 1260 1321 Patricius
1278 1249 1451 1322 secundus
1470 1248 1581 1323 abbas
1600 1249 1645 1321 de
1665 1249 1774 1323 Alne-

310 1366 408 1453 wick,
427 1368 483 1442 cui
502 1366 660 1441 successit
679 1366 853 1441 Ricardus
871 1368 964 1466 prior
982 1367 1152 1466 ejusdem.

360 1487 462 1562 Obiit
481 1486 661 1561 Mathilda
678 1488 893 1585 imperatrix,
917 1500 1031 1560 mater
1051 1486 1198 1561 Henrici
1216 1489 1252 1586 ij.
1281 1490 1374 1588 regis
1395 1488 1606 1588 Anglorum.

361 1606 571 1681 Fredericus
598 1608 789 1707 imperator
816 1607 985 1681 hostiliter
1012 1607 1058 1681 ad
1071 1608 1250 1706 juvandas
1274 1620 1393 1707 partes
1411 1610 1554 1683 secundi
1582 1611 1771 1710 antipapae,

312 1728 414 1802 idest
436 1727 601 1801 Widonis
622 1726 833 1813 cremensis,
863 1726 1015 1801 Romam
1036 1728 1181 1801 veniens
1208 1729 1362 1802 eundem
1385 1730 1617 1803 scismaticum
1636 1732 1772 1804 scisma·

311 1850 453 1923 ticuset
472 1848 597 1947 ipsein
617 1848 800 1923 ecclesiam
820 1849 933 1923 sandti
953 1848 1048 1921 Petri
1068 1848 1101 1920 vi
1120 1860 1156 1920 et
1174 1862 1310 1921 armata
1325 1874 1433 1922 manu
1453 1850 1599 1922 intrusit..
1655 1850 1771 1924 Rede-

312 1981 394 2045 unte
406 1994 489 2042 vero
502 1994 583 2042 cum
597 1970 755 2042 exercitu
767 1968 882 2041 statim
897 1968 1003 2065 pestis
1016 1969 1198 2041 mortifera
1213 1969 1246 2040 in
1261 1970 1432 2067 populum
1446 1970 1523 2067 ejus
1541 1969 1695 2068 grassata
1708 1971 1770 2053 est,

311 2102 346 2163 et
364 2090 532 2189 primates
550 2089 722 2187 quosdam
741 2089 901 2173 extinxit,
926 2100 963 2161 et
989 2089 1048 2161 ille
1070 2088 1277 2161 Colonenfis
1301 2090 1450 2173 eleclus,
1470 2091 1577 2163 totins
1604 2092 1771 2164 scismatis

311 2210 437 2309 capud,
457 2211 492 2283 in
512 2208 665 2307 Alpibus
683 2210 862 2282 extindtus
889 2208 950 2293 est,
978 2220 1014 2281 et
1041 2220 1079 2281 ut.
1097 2208 1169 2281 osl'a
1196 2236 1217 2281 a
1239 2208 1402 2282 carnibus
1421 2210 1715 2309 disjungerentur,
1734 2223 1771 2283 et

314 2330 464 2405 Colonie
483 2330 701 2415 deserentur,
718 2342 815 2402 totus
841 2330 876 2401 in
904 2354 1035 2427 aquam
1054 2329 1180 2402 costus
1207 2328 1273 2413 est3
1301 2328 1469 2401 volebant
1490 2331 1585 2402 enim
1602 2331 1770 2427 primates

311 2451 358 2525 sui
378 2450 497 2535 alesti,
515 2450 598 2523 licet
624 2475 696 2523 non
714 2450 881 2550 episcopi,
900 2461 1074 2548 quantum
1096 2449 1141 2521 ad
1169 2450 1260 2546 ipsos
1285 2448 1512 2523 honorabiles
1530 2462 1703 2549 quautam
1722 2450 1768 2523 ad

311 2570 473 2644 nossetis
491 2570 682 2643 inhonoras
700 2582 736 2643 et
753 2569 830 2643 falfi
848 2570 999 2643 nominis
1017 2570 1140 2643 saltem
1165 2568 1299 2641 habere
1317 2569 1494 2667 reliquias

362 2691 470 2766 Anno
498 2691 685 2790 nnolxviij.
708 2689 796 2764 obiit
814 2691 872 2789 pie
891 2690 1060 2763 memorie
1081 2688 1288 2763 Gilebertus
1307 2689 1419 2762 abbas
1440 2689 1683 2775 Cisternensm,
1712 2693 1768 2764 cui

310 2811 464 2886 successrt
485 2810 690 2885 Alexander
707 2835 741 2885 x.
761 2809 885 2883 abbas

360 2930 460 3006 Obiit
477 2931 605 3005 lll¹⁷idor
621 2931 836 3005 scismaticus
854 2941 891 3002 et
911 2931 1085 3004 secundus
1105 2931 1286 3028 antipapa,
1315 2942 1351 3004 et
1375 2930 1521 3028 quidam
1539 2932 1662 3005 tertius
1681 2932 1769 3004 anti·

310 3078 413 3153 papa,
432 3052 534 3151 cujus
544 3068 683 3125 'nomen
700 3052 896 3151 ignoratur,
915 3051 976 3148 qui
996 3062 1032 3122 et
1050 3051 1217 3149 ignorans
1236 3050 1468 3149 ignorabitur,
1488 3050 1646 3124 elevatus
1665 3052 1726 3125 est.

359 3174 459 3249 Obiit
473 3171 692 3247 Rodbertus⁸
706 3196 826 3246 comes
835 3170 949 3269 justus
964 3169 1168 3254 Leicestrie,
1183 3171 1290 3267 etqui
1305 3170 1441 3267 justitia
1460 3171 1595 3243 summa
1606 3184 1764 3244 vocatur.

358 3294 466 3369 Anno
490 3294 651 3368 m.c.lxix.
680 3291 767 3365 obiit
787 3291 985 3391 Gregorius
1009 3291 1193 3389 episcopus
1213 3290 1418 3373 Durrkelde‚
1438 3290 1494 3363 cui
1522 3290 1678 3363 saccellit
1707 3288 1765 3362 Ri-

310 3415 434 3489 cardus
452 3414 658 3513 capellanus
680 3412 800 3512 regis.t

358 3536 447 3609 Vilis
465 3547 501 3609 et
520 3531 743 3607 exescrabilis
761 3542 885 3605 contra
903 3530 1084 3603 dominum
1111 3555 1242 3629 papam
1262 3529 1507 3601 Alexandrum
1525 3542 1561 3602 et
1579 3528 1763 3602 venerabi·

309 3655 377 3729 lem
396 3654 576 3729 Tlromam
594 3653 897 3753 archiepiscopum
915 3652 950 3724 in
971 3650 1086 3724 Galiis
1113 3650 1316 3723 exulantem
1343 3650 1552 3747 conjuratio,
1571 3661 1765 3748 portatam

310 3776 381 3849 sere
401 3775 583 3875 Angliam,
597 3772 747 3873 jussione
766 3772 872 3871 regis,
890 3771 991 3844 fadta
1008 3770 1070 3845 est.

359 3894 587 3969 Hunbaudus
608 3894 701 3993 prior
724 3893 770 3966 de
791 3891 967 3965 Weneloc
985 3891 1133 3965 adduxit.
1161 3902 1373 3964 conventum
1401 3890 1497 3988 apud
1517 3890 1680 3975 Paffelet,
1705 3892 1765 3989 qui

311 4016 358 4089 est
370 4016 475 4114 juxta
495 4014 655 4088 Renfriu.

359 4136 466 4211 Anno
484 4135 634 4209 mclxx.
653 4159 715 4207 rex
735 4130 868 4232 Anglie
889 4130 1066 4205 Henricus
1092 4132 1137 4205 de
1156 4130 1380 4205 Normannia
1401 4130 1571 4230 Angliam
1594 4130 1709 4214 rediit,
1729 4133 1764 4204 in

310 4282 378 4355 quo
396 4256 511 4331 reditu
528 4255 629 4331 multi
648 4253 837 4353 naufragio
856 4253 1045 4352 perierunt.

360 4378 561 4452 Willelmus
587 4374 700 4449 abbas
717 4374 766 4474 iij.
794 4374 840 4448 de
872 4372 1033 4470 Maylros
1051 4398 1170 4445 curam
1197 4372 1408 4469 pastoralem
1427 4398 1460 4445 x.
1481 4371 1653 4445 kalendas
1673 4371 1763 4445 Maii

314 4496 417 4597 [Apr.
436 4495 501 4596 22]
522 4496 700 4570 humiliter
718 4492 879 4577 dimisit,¹¹
897 4503 933 4566 et
950 4493 1023 4592 ipso
1042 4492 1100 4565 die
1118 4491 1299 4565 locelinus
1317 4492 1411 4591 prior
1430 4492 1462 4566 ei
1481 4491 1647 4565 suecessit.

343 4676 420 4730 *See
433 4678 546 4739 Fordrm,
561 4675 651 4729 teto.
751 4672 874 4735 'Guido
884 4672 968 4727 called
983 4670 1095 4726 Paschal
1110 4672 1171 4735 lll.,
1182 4671 1242 4725 died
1250 4672 1315 4725 aoth
1328 4672 1489 4741 September,
1502 4676 1579 4725 llos.
1619 4671 1764 4724 Thename

311 4760 342 4815 es
349 4760 389 4815 his
401 4778 547 4823 successor,
562 4759 663 4829 mainst
675 4752 722 4812 the
735 4757 870 4827 authority
879 4756 910 4810 os
920 4757 1071 4811 Alexander
1082 4758 1143 4817 lll.,
1158 4774 1212 4809 was
1227 4757 1341 4811 Calistus
1353 4757 1405 4809 111.
1438 4757 1446 4780 ¹
1462 4757 1561 4809 llohert
1571 4756 1603 4809 de
1615 4756 1709 4816 llossu,
1721 4774 1763 4809 ac-

312 4844 415 4916 cording
426 4855 456 4899 to
468 4846 596 4916 Dugdale,
611 4842 672 4898 died
684 4843 711 4897 in
726 4845 808 4903 1167;
828 4841 877 4895 but
889 4840 936 4894 the
948 4852 1006 4894 text
1018 4841 1039 4893 is
1052 4841 1197 4909 supported
1210 4841 1244 4910 by
1253 4840 1300 4893 the
1313 4839 1446 4911 authority
1458 4840 1490 4893 os
1498 4842 1627 4899 Heraclea,
1642 4838 1686 4891 sol.
1701 4842 1762 4893 ⁶293.

312 4928 444 4986 'nevas
456 4927 626 4983 consecrated
639 4944 712 4998 upon
723 4924 771 4979 the
787 4929 827 4979 lst
839 4924 870 4979 os
877 4925 1016 4996 February,
1033 4926 1159 4983 troo-70.
1181 4926 1294 4985 Fordurr,
1308 4926 1325 4977 i.
1340 4929 1401 4979 460.
1511 4924 1524 4946 ¹²
1540 4926 1651 4977 For-duv-
1707 4928 1762 4977 ¹61.

734 5044 756 5095 L
