<?xml version="1.0" encoding="UTF-8"?>
<!DOCTYPE html PUBLIC "-//W3C//DTD XHTML 1.0 Transitional//EN"
    "http://www.w3.org/TR/xhtml1/DTD/xhtml1-transitional.dtd">
<html xmlns="http://www.w3.org/1999/xhtml" xml:lang="en" lang="en">
 <head>
  <title>
</title>
<meta http-equiv="Content-Type" content="text/html;charset=utf-8" />
  <meta name='ocr-system' content='tesseract 3.04.00' />
  <meta name='ocr-capabilities' content='ocr_page ocr_carea ocr_par ocr_line ocrx_word'/>
</head>
<body>
  <div class='ocr_page' id='page_1' title='image "./chronicademailr00stevgoog_0199.png"; bbox 0 0 4716 6428; ppageno 0'>
   <div class='ocr_carea' id='block_1_1' title="bbox 604 699 2054 781">
    <p class='ocr_par' dir='ltr' id='par_1_1' title="bbox 604 699 2054 781">
     <span class='ocr_line' id='line_1_1' title="bbox 604 699 2054 781; baseline 0.006 -9"><span class='ocrx_word' id='word_1_1' title='bbox 604 700 673 777; x_wconf 85' lang='lat'>160</span> <span class='ocrx_word' id='word_1_2' title='bbox 950 699 1270 776; x_wconf 88' lang='lat' dir='ltr'>CHRONICA</span> <span class='ocrx_word' id='word_1_3' title='bbox 1303 700 1378 775; x_wconf 85' lang='lat' dir='ltr'>DE</span> <span class='ocrx_word' id='word_1_4' title='bbox 1416 700 1703 777; x_wconf 89' lang='lat' dir='ltr'>MAILROS.</span> <span class='ocrx_word' id='word_1_5' title='bbox 1821 704 2054 781; x_wconf 78' lang='lat' dir='ltr'><strong>A.D.1244.</strong></span> 
     </span>
    </p>
   </div>
   <div class='ocr_carea' id='block_1_2' title="bbox 596 911 2239 4625">
    <p class='ocr_par' dir='ltr' id='par_1_2' title="bbox 596 911 2239 4625">
     <span class='ocr_line' id='line_1_2' title="bbox 598 911 2057 1016; baseline -0.001 -26"><span class='ocrx_word' id='word_1_6' title='bbox 598 942 669 991; x_wconf 94' lang='lat' dir='ltr'>non</span> <span class='ocrx_word' id='word_1_7' title='bbox 688 926 828 1016; x_wconf 91' lang='lat' dir='ltr'>poterat</span> <span class='ocrx_word' id='word_1_8' title='bbox 851 914 922 988; x_wconf 92' lang='lat' dir='ltr'>fine</span> <span class='ocrx_word' id='word_1_9' title='bbox 944 914 1230 988; x_wconf 91' lang='lat' dir='ltr'>Corosminomm</span> <span class='ocrx_word' id='word_1_10' title='bbox 1249 911 1399 998; x_wconf 80' lang='lat' dir='ltr'>assensu3</span> <span class='ocrx_word' id='word_1_11' title='bbox 1426 912 1487 986; x_wconf 93' lang='lat' dir='ltr'>sed</span> <span class='ocrx_word' id='word_1_12' title='bbox 1503 912 1647 986; x_wconf 87' lang='lat' dir='ltr'>firmiter</span> <span class='ocrx_word' id='word_1_13' title='bbox 1671 911 1901 1011; x_wconf 83' lang='lat' dir='ltr'>promittebat</span> <span class='ocrx_word' id='word_1_14' title='bbox 1919 914 1965 987; x_wconf 89' lang='lat' dir='ltr'>ad</span> <span class='ocrx_word' id='word_1_15' title='bbox 1987 913 2057 989; x_wconf 88' lang='lat' dir='ltr'>Co·</span> 
     </span>
     <span class='ocr_line' id='line_1_3' title="bbox 601 1031 2058 1134; baseline -0.002 -24"><span class='ocrx_word' id='word_1_16' title='bbox 601 1037 769 1112; x_wconf 88' lang='lat' dir='ltr'>rosminos</span> <span class='ocrx_word' id='word_1_17' title='bbox 788 1036 998 1134; x_wconf 80' lang='lat' dir='ltr'>sollempnes</span> <span class='ocrx_word' id='word_1_18' title='bbox 1015 1034 1164 1108; x_wconf 86' lang='lat' dir='ltr'>nuncios</span> <span class='ocrx_word' id='word_1_19' title='bbox 1182 1035 1217 1107; x_wconf 93' lang='lat' dir='ltr'>se</span> <span class='ocrx_word' id='word_1_20' title='bbox 1231 1033 1421 1117; x_wconf 81' lang='lat' dir='ltr'>missurum,</span> <span class='ocrx_word' id='word_1_21' title='bbox 1435 1059 1525 1131; x_wconf 94' lang='lat' dir='ltr'>quos</span> <span class='ocrx_word' id='word_1_22' title='bbox 1543 1031 1707 1132; x_wconf 83' lang='lat' dir='ltr'>precibus</span> <span class='ocrx_word' id='word_1_23' title='bbox 1726 1044 1762 1106; x_wconf 92' lang='lat' dir='ltr'>et</span> <span class='ocrx_word' id='word_1_24' title='bbox 1780 1034 1940 1109; x_wconf 86' lang='lat' dir='ltr'>exenniis</span> <span class='ocrx_word' id='word_1_25' title='bbox 1957 1035 2058 1108; x_wconf 91' lang='lat' dir='ltr'>indu-</span> 
     </span>
     <span class='ocr_line' id='line_1_4' title="bbox 597 1152 2239 1259; baseline -0.001 -28"><span class='ocrx_word' id='word_1_26' title='bbox 597 1168 705 1241; x_wconf 90' lang='lat' dir='ltr'>ceret,</span> <span class='ocrx_word' id='word_1_27' title='bbox 719 1168 759 1230; x_wconf 92' lang='lat' dir='ltr'>ut</span> <span class='ocrx_word' id='word_1_28' title='bbox 772 1154 947 1240; x_wconf 85' lang='lat' dir='ltr'>tradebat,</span> <span class='ocrx_word' id='word_1_29' title='bbox 959 1167 999 1228; x_wconf 91' lang='lat' dir='ltr'>ut</span> <span class='ocrx_word' id='word_1_30' title='bbox 1012 1154 1268 1259; x_wconf 86' lang='lat' dir='ltr'>indempnitate</span> <span class='ocrx_word' id='word_1_31' title='bbox 1282 1153 1435 1252; x_wconf 83' lang='lat' dir='ltr'>praestita</span> <span class='ocrx_word' id='word_1_32' title='bbox 1449 1153 1495 1226; x_wconf 91' lang='lat' dir='ltr'>ad</span> <span class='ocrx_word' id='word_1_33' title='bbox 1506 1153 1664 1252; x_wconf 90' lang='lat' dir='ltr'>ejusdem</span> <span class='ocrx_word' id='word_1_34' title='bbox 1677 1152 1812 1227; x_wconf 90' lang='lat' dir='ltr'>soldani</span> <span class='ocrx_word' id='word_1_35' title='bbox 1826 1154 2057 1240; x_wconf 72' lang='lat' dir='ltr'>condudtum,</span> <span class='ocrx_word' id='word_1_36' title='bbox 2088 1195 2136 1250; x_wconf 84' lang='lat' dir='ltr'>fol.</span> <span class='ocrx_word' id='word_1_37' title='bbox 2149 1199 2196 1253; x_wconf 78' lang='lat'>47.</span> <span class='ocrx_word' id='word_1_38' title='bbox 2211 1197 2239 1250; x_wconf 81' lang='lat' dir='ltr'>b.</span> 
     </span>
     <span class='ocr_line' id='line_1_5' title="bbox 597 1273 2058 1377; baseline 0 -27"><span class='ocrx_word' id='word_1_39' title='bbox 597 1277 767 1377; x_wconf 90' lang='lat' dir='ltr'>populum</span> <span class='ocrx_word' id='word_1_40' title='bbox 786 1277 898 1375; x_wconf 90' lang='lat' dir='ltr'>ipsum</span> <span class='ocrx_word' id='word_1_41' title='bbox 916 1286 992 1348; x_wconf 88' lang='lat' dir='ltr'>tute</span> <span class='ocrx_word' id='word_1_42' title='bbox 1010 1275 1228 1374; x_wconf 86' lang='lat' dir='ltr'>permitteret</span> <span class='ocrx_word' id='word_1_43' title='bbox 1246 1274 1282 1347; x_wconf 95' lang='lat' dir='ltr'>in</span> <span class='ocrx_word' id='word_1_44' title='bbox 1300 1286 1429 1347; x_wconf 85' lang='lat' dir='ltr'>terram</span> <span class='ocrx_word' id='word_1_45' title='bbox 1446 1273 1726 1349; x_wconf 88' lang='lat' dir='ltr'>Christianorum</span> <span class='ocrx_word' id='word_1_46' title='bbox 1743 1274 1854 1349; x_wconf 89' lang='lat' dir='ltr'>abire.</span> <span class='ocrx_word' id='word_1_47' title='bbox 1892 1276 1949 1349; x_wconf 89' lang='lat' dir='ltr'>Ac</span> <span class='ocrx_word' id='word_1_48' title='bbox 1962 1277 2058 1351; x_wconf 88' lang='lat' dir='ltr'>idem</span> 
     </span>
     <span class='ocr_line' id='line_1_6' title="bbox 598 1393 2057 1481; baseline -0.001 -9"><span class='ocrx_word' id='word_1_49' title='bbox 598 1401 706 1472; x_wconf 86' lang='lat' dir='ltr'>frater</span> <span class='ocrx_word' id='word_1_50' title='bbox 728 1398 863 1481; x_wconf 87' lang='lat' dir='ltr'>Simon,</span> <span class='ocrx_word' id='word_1_51' title='bbox 882 1396 1015 1470; x_wconf 69' lang='lat' dir='ltr'>resistis</span> <span class='ocrx_word' id='word_1_52' title='bbox 1034 1396 1110 1468; x_wconf 87' lang='lat' dir='ltr'>aliis</span> <span class='ocrx_word' id='word_1_53' title='bbox 1132 1394 1269 1469; x_wconf 91' lang='lat' dir='ltr'>nunciis</span> <span class='ocrx_word' id='word_1_54' title='bbox 1287 1419 1367 1467; x_wconf 93' lang='lat' dir='ltr'>cum</span> <span class='ocrx_word' id='word_1_55' title='bbox 1387 1394 1514 1468; x_wconf 90' lang='lat' dir='ltr'>eodem</span> <span class='ocrx_word' id='word_1_56' title='bbox 1532 1394 1690 1478; x_wconf 89' lang='lat' dir='ltr'>soldano,</span> <span class='ocrx_word' id='word_1_57' title='bbox 1709 1395 1745 1468; x_wconf 93' lang='lat' dir='ltr'>in</span> <span class='ocrx_word' id='word_1_58' title='bbox 1765 1393 1957 1471; x_wconf 85' lang='lat' dir='ltr'>Ierusalem</span> <span class='ocrx_word' id='word_1_59' title='bbox 1974 1422 2057 1472; x_wconf 92' lang='lat' dir='ltr'>con·</span> 
     </span>
     <span class='ocr_line' id='line_1_7' title="bbox 599 1514 2056 1616; baseline 0 -24"><span class='ocrx_word' id='word_1_60' title='bbox 599 1519 711 1593; x_wconf 72' lang='lat' dir='ltr'>dudtu</span> <span class='ocrx_word' id='word_1_61' title='bbox 728 1518 863 1592; x_wconf 93' lang='lat' dir='ltr'>soldani</span> <span class='ocrx_word' id='word_1_62' title='bbox 887 1516 992 1616; x_wconf 90' lang='lat' dir='ltr'>ipsius</span> <span class='ocrx_word' id='word_1_63' title='bbox 1011 1517 1115 1614; x_wconf 87' lang='lat' dir='ltr'>juxta</span> <span class='ocrx_word' id='word_1_64' title='bbox 1138 1515 1347 1588; x_wconf 92' lang='lat' dir='ltr'>mandatum</span> <span class='ocrx_word' id='word_1_65' title='bbox 1370 1514 1527 1588; x_wconf 90' lang='lat' dir='ltr'>nostrum</span> <span class='ocrx_word' id='word_1_66' title='bbox 1546 1514 1719 1600; x_wconf 92' lang='lat' dir='ltr'>ascendit;</span> <span class='ocrx_word' id='word_1_67' title='bbox 1747 1516 1808 1615; x_wconf 95' lang='lat' dir='ltr'>qui</span> <span class='ocrx_word' id='word_1_68' title='bbox 1826 1527 1902 1590; x_wconf 92' lang='lat' dir='ltr'>toto</span> <span class='ocrx_word' id='word_1_69' title='bbox 1924 1518 2056 1616; x_wconf 92' lang='lat' dir='ltr'>populo</span> 
     </span>
     <span class='ocr_line' id='line_1_8' title="bbox 598 1634 2057 1739; baseline -0.001 -26"><span class='ocrx_word' id='word_1_70' title='bbox 598 1651 830 1739; x_wconf 82' lang='lat' dir='ltr'>congregato,</span> <span class='ocrx_word' id='word_1_71' title='bbox 855 1649 891 1710; x_wconf 93' lang='lat' dir='ltr'>et</span> <span class='ocrx_word' id='word_1_72' title='bbox 917 1637 979 1735; x_wconf 91' lang='lat' dir='ltr'>ipsi</span> <span class='ocrx_word' id='word_1_73' title='bbox 1007 1635 1203 1734; x_wconf 85' lang='lat' dir='ltr'>praedicans</span> <span class='ocrx_word' id='word_1_74' title='bbox 1230 1635 1377 1709; x_wconf 87' lang='lat' dir='ltr'>verbum</span> <span class='ocrx_word' id='word_1_75' title='bbox 1408 1634 1492 1718; x_wconf 92' lang='lat' dir='ltr'>Dei,</span> <span class='ocrx_word' id='word_1_76' title='bbox 1523 1635 1728 1709; x_wconf 88' lang='lat' dir='ltr'>confortans</span> <span class='ocrx_word' id='word_1_77' title='bbox 1754 1637 1995 1736; x_wconf 89' lang='lat' dir='ltr'>multipliciter</span> <span class='ocrx_word' id='word_1_78' title='bbox 2021 1650 2057 1712; x_wconf 93' lang='lat' dir='ltr'>et</span> 
     </span>
     <span class='ocr_line' id='line_1_9' title="bbox 598 1753 2057 1856; baseline -0.001 -22"><span class='ocrx_word' id='word_1_79' title='bbox 598 1761 789 1834; x_wconf 82' lang='lat' dir='ltr'>exhortans</span> <span class='ocrx_word' id='word_1_80' title='bbox 807 1770 842 1832; x_wconf 91' lang='lat' dir='ltr'>et</span> <span class='ocrx_word' id='word_1_81' title='bbox 861 1757 1092 1831; x_wconf 82' lang='lat' dir='ltr'>remissionem</span> <span class='ocrx_word' id='word_1_82' title='bbox 1111 1757 1162 1829; x_wconf 92' lang='lat' dir='ltr'>eis</span> <span class='ocrx_word' id='word_1_83' title='bbox 1185 1754 1355 1840; x_wconf 89' lang='lat' dir='ltr'>tribuens,</span> <span class='ocrx_word' id='word_1_84' title='bbox 1373 1753 1460 1829; x_wconf 82' lang='lat' dir='ltr'>sicut</span> <span class='ocrx_word' id='word_1_85' title='bbox 1479 1781 1499 1828; x_wconf 93' lang='lat' dir='ltr'>a</span> <span class='ocrx_word' id='word_1_86' title='bbox 1517 1754 1621 1829; x_wconf 88' lang='lat' dir='ltr'>nobis</span> <span class='ocrx_word' id='word_1_87' title='bbox 1638 1756 1840 1854; x_wconf 90' lang='lat' dir='ltr'>patriarcha</span> <span class='ocrx_word' id='word_1_88' title='bbox 1858 1759 2057 1856; x_wconf 87' lang='lat' dir='ltr'>susceperat</span> 
     </span>
     <span class='ocr_line' id='line_1_10' title="bbox 600 1876 2056 1976; baseline -0.001 -22"><span class='ocrx_word' id='word_1_89' title='bbox 600 1883 634 1954; x_wconf 90' lang='lat' dir='ltr'>in</span> <span class='ocrx_word' id='word_1_90' title='bbox 652 1879 842 1962; x_wconf 90' lang='lat' dir='ltr'>mandatis,</span> <span class='ocrx_word' id='word_1_91' title='bbox 862 1877 1119 1976; x_wconf 84' lang='lat' dir='ltr'>responsionem</span> <span class='ocrx_word' id='word_1_92' title='bbox 1143 1876 1223 1975; x_wconf 90' lang='lat' dir='ltr'>ipsis</span> <span class='ocrx_word' id='word_1_93' title='bbox 1249 1876 1367 1949; x_wconf 92' lang='lat' dir='ltr'>retulit</span> <span class='ocrx_word' id='word_1_94' title='bbox 1385 1901 1494 1975; x_wconf 88' lang='lat' dir='ltr'>quam</span> <span class='ocrx_word' id='word_1_95' title='bbox 1512 1876 1711 1974; x_wconf 85' lang='lat' dir='ltr'>susceperat</span> <span class='ocrx_word' id='word_1_96' title='bbox 1729 1876 1764 1948; x_wconf 93' lang='lat' dir='ltr'>in</span> <span class='ocrx_word' id='word_1_97' title='bbox 1783 1876 1861 1952; x_wconf 93' lang='lat' dir='ltr'>aliis</span> <span class='ocrx_word' id='word_1_98' title='bbox 1879 1878 2017 1952; x_wconf 92' lang='lat' dir='ltr'>nunciis</span> <span class='ocrx_word' id='word_1_99' title='bbox 2035 1905 2056 1952; x_wconf 89' lang='lat' dir='ltr'>a</span> 
     </span>
     <span class='ocr_line' id='line_1_11' title="bbox 596 1994 2056 2098; baseline -0.002 -24"><span class='ocrx_word' id='word_1_100' title='bbox 596 1999 754 2075; x_wconf 91' lang='lat' dir='ltr'>soldano.</span> <span class='ocrx_word' id='word_1_101' title='bbox 792 1998 951 2097; x_wconf 91' lang='lat' dir='ltr'>Populus</span> <span class='ocrx_word' id='word_1_102' title='bbox 969 2009 1090 2070; x_wconf 89' lang='lat' dir='ltr'>autem</span> <span class='ocrx_word' id='word_1_103' title='bbox 1110 1995 1298 2070; x_wconf 89' lang='lat' dir='ltr'>Ierusalem</span> <span class='ocrx_word' id='word_1_104' title='bbox 1313 1994 1455 2069; x_wconf 89' lang='lat' dir='ltr'>consilio</span> <span class='ocrx_word' id='word_1_105' title='bbox 1473 1997 1735 2070; x_wconf 89' lang='lat' dir='ltr'>communicato</span> <span class='ocrx_word' id='word_1_106' title='bbox 1753 1997 1943 2097; x_wconf 92' lang='lat' dir='ltr'>respondit,</span> <span class='ocrx_word' id='word_1_107' title='bbox 1957 1999 2056 2098; x_wconf 93' lang='lat' dir='ltr'>quod</span> 
     </span>
     <span class='ocr_line' id='line_1_12' title="bbox 597 2115 2055 2221; baseline -0.001 -27"><span class='ocrx_word' id='word_1_108' title='bbox 597 2121 715 2221; x_wconf 91' lang='lat' dir='ltr'>potius</span> <span class='ocrx_word' id='word_1_109' title='bbox 734 2120 769 2192; x_wconf 92' lang='lat' dir='ltr'>in</span> <span class='ocrx_word' id='word_1_110' title='bbox 787 2120 930 2192; x_wconf 87' lang='lat' dir='ltr'>civitate</span> <span class='ocrx_word' id='word_1_111' title='bbox 949 2119 1044 2191; x_wconf 90' lang='lat' dir='ltr'>fame</span> <span class='ocrx_word' id='word_1_112' title='bbox 1063 2128 1099 2190; x_wconf 90' lang='lat' dir='ltr'>et</span> <span class='ocrx_word' id='word_1_113' title='bbox 1116 2117 1214 2215; x_wconf 90' lang='lat' dir='ltr'>peste</span> <span class='ocrx_word' id='word_1_114' title='bbox 1230 2117 1320 2190; x_wconf 91' lang='lat' dir='ltr'>mori</span> <span class='ocrx_word' id='word_1_115' title='bbox 1337 2115 1517 2201; x_wconf 87' lang='lat' dir='ltr'>volebant,</span> <span class='ocrx_word' id='word_1_116' title='bbox 1536 2141 1644 2216; x_wconf 92' lang='lat' dir='ltr'>quam</span> <span class='ocrx_word' id='word_1_117' title='bbox 1662 2119 1697 2190; x_wconf 92' lang='lat' dir='ltr'>se</span> <span class='ocrx_word' id='word_1_118' title='bbox 1712 2116 1952 2193; x_wconf 81' lang='lat' dir='ltr'>crudelissimis</span> <span class='ocrx_word' id='word_1_119' title='bbox 1969 2143 2055 2219; x_wconf 90' lang='lat' dir='ltr'>gen·</span> 
     </span>
     <span class='ocr_line' id='line_1_13' title="bbox 599 2236 2056 2335; baseline 0.001 -22"><span class='ocrx_word' id='word_1_120' title='bbox 599 2240 693 2315; x_wconf 89' lang='lat' dir='ltr'>tibus</span> <span class='ocrx_word' id='word_1_121' title='bbox 712 2239 868 2324; x_wconf 89' lang='lat' dir='ltr'>credere,</span> <span class='ocrx_word' id='word_1_122' title='bbox 887 2238 943 2313; x_wconf 94' lang='lat' dir='ltr'>vel</span> <span class='ocrx_word' id='word_1_123' title='bbox 967 2236 1130 2311; x_wconf 91' lang='lat' dir='ltr'>manibus</span> <span class='ocrx_word' id='word_1_124' title='bbox 1148 2238 1368 2310; x_wconf 86' lang='lat' dir='ltr'>committere</span> <span class='ocrx_word' id='word_1_125' title='bbox 1387 2236 1532 2320; x_wconf 93' lang='lat' dir='ltr'>soldani,</span> <span class='ocrx_word' id='word_1_126' title='bbox 1551 2237 1597 2310; x_wconf 91' lang='lat' dir='ltr'>de</span> <span class='ocrx_word' id='word_1_127' title='bbox 1615 2236 1717 2335; x_wconf 91' lang='lat' dir='ltr'>cujus</span> <span class='ocrx_word' id='word_1_128' title='bbox 1744 2237 1952 2314; x_wconf 88' lang='lat' dir='ltr'>infidelitate</span> <span class='ocrx_word' id='word_1_129' title='bbox 1970 2240 2056 2314; x_wconf 90' lang='lat' dir='ltr'>certi</span> 
     </span>
     <span class='ocr_line' id='line_1_14' title="bbox 601 2355 2057 2459; baseline 0.001 -25"><span class='ocrx_word' id='word_1_130' title='bbox 601 2378 702 2434; x_wconf 88' lang='lat' dir='ltr'>erant</span> <span class='ocrx_word' id='word_1_131' title='bbox 723 2372 759 2433; x_wconf 87' lang='lat' dir='ltr'>et</span> <span class='ocrx_word' id='word_1_132' title='bbox 784 2359 987 2433; x_wconf 89' lang='lat' dir='ltr'>nullatenus</span> <span class='ocrx_word' id='word_1_133' title='bbox 1000 2356 1228 2459; x_wconf 79' lang='lat' dir='ltr'>dubitabant,</span> <span class='ocrx_word' id='word_1_134' title='bbox 1256 2357 1316 2432; x_wconf 93' lang='lat' dir='ltr'>sed</span> <span class='ocrx_word' id='word_1_135' title='bbox 1338 2355 1506 2430; x_wconf 90' lang='lat' dir='ltr'>volebant</span> <span class='ocrx_word' id='word_1_136' title='bbox 1529 2358 1672 2431; x_wconf 93' lang='lat' dir='ltr'>omnino</span> <span class='ocrx_word' id='word_1_137' title='bbox 1697 2358 1897 2433; x_wconf 87' lang='lat' dir='ltr'>incivitate</span> <span class='ocrx_word' id='word_1_138' title='bbox 1921 2385 2057 2459; x_wconf 90' lang='lat' dir='ltr'>perma-</span> 
     </span>
     <span class='ocr_line' id='line_1_15' title="bbox 599 2476 2058 2578; baseline 0.002 -25"><span class='ocrx_word' id='word_1_139' title='bbox 599 2506 696 2564; x_wconf 90' lang='lat' dir='ltr'>nere,</span> <span class='ocrx_word' id='word_1_140' title='bbox 727 2479 953 2578; x_wconf 67' lang='lat' dir='ltr'>expestando</span> <span class='ocrx_word' id='word_1_141' title='bbox 981 2477 1254 2551; x_wconf 89' lang='lat' dir='ltr'>misericordiam</span> <span class='ocrx_word' id='word_1_142' title='bbox 1282 2476 1367 2550; x_wconf 88' lang='lat' dir='ltr'>Jesu</span> <span class='ocrx_word' id='word_1_143' title='bbox 1395 2477 1522 2551; x_wconf 90' lang='lat' dir='ltr'>Christi</span> <span class='ocrx_word' id='word_1_144' title='bbox 1552 2489 1588 2551; x_wconf 94' lang='lat' dir='ltr'>et</span> <span class='ocrx_word' id='word_1_145' title='bbox 1614 2479 1826 2553; x_wconf 89' lang='lat' dir='ltr'>succursum.</span> <span class='ocrx_word' id='word_1_146' title='bbox 1887 2480 2058 2556; x_wconf 90' lang='lat' dir='ltr'>Ceterum</span> 
     </span>
     <span class='ocr_line' id='line_1_16' title="bbox 597 2597 2058 2698; baseline 0 -24"><span class='ocrx_word' id='word_1_147' title='bbox 597 2604 707 2675; x_wconf 85' lang='lat' dir='ltr'>frater</span> <span class='ocrx_word' id='word_1_148' title='bbox 729 2600 865 2683; x_wconf 88' lang='lat' dir='ltr'>Simon,</span> <span class='ocrx_word' id='word_1_149' title='bbox 884 2597 1073 2697; x_wconf 89' lang='lat' dir='ltr'>perquisrto</span> <span class='ocrx_word' id='word_1_150' title='bbox 1091 2598 1184 2671; x_wconf 85' lang='lat' dir='ltr'>statu</span> <span class='ocrx_word' id='word_1_151' title='bbox 1202 2609 1305 2681; x_wconf 92' lang='lat' dir='ltr'>terre,</span> <span class='ocrx_word' id='word_1_152' title='bbox 1323 2598 1525 2698; x_wconf 88' lang='lat' dir='ltr'>intelligens</span> <span class='ocrx_word' id='word_1_153' title='bbox 1549 2599 1647 2697; x_wconf 91' lang='lat' dir='ltr'>quod</span> <span class='ocrx_word' id='word_1_154' title='bbox 1663 2599 1797 2673; x_wconf 74' lang='lat' dir='ltr'>vidtum</span> <span class='ocrx_word' id='word_1_155' title='bbox 1820 2598 2003 2675; x_wconf 90' lang='lat' dir='ltr'>habebant</span> <span class='ocrx_word' id='word_1_156' title='bbox 2021 2613 2058 2676; x_wconf 93' lang='lat' dir='ltr'>et</span> 
     </span>
     <span class='ocr_line' id='line_1_17' title="bbox 601 2717 2057 2820; baseline 0.001 -27"><span class='ocrx_word' id='word_1_157' title='bbox 601 2719 699 2820; x_wconf 93' lang='lat' dir='ltr'>quod</span> <span class='ocrx_word' id='word_1_158' title='bbox 714 2720 760 2792; x_wconf 89' lang='lat' dir='ltr'>ad</span> <span class='ocrx_word' id='word_1_159' title='bbox 773 2719 819 2816; x_wconf 89' lang='lat' dir='ltr'>vj.</span> <span class='ocrx_word' id='word_1_160' title='bbox 835 2717 1054 2791; x_wconf 89' lang='lat' dir='ltr'>ebdomadas</span> <span class='ocrx_word' id='word_1_161' title='bbox 1072 2719 1229 2791; x_wconf 89' lang='lat' dir='ltr'>sufficere</span> <span class='ocrx_word' id='word_1_162' title='bbox 1247 2717 1370 2815; x_wconf 87' lang='lat' dir='ltr'>posset,</span> <span class='ocrx_word' id='word_1_163' title='bbox 1385 2718 1507 2791; x_wconf 90' lang='lat' dir='ltr'>audita</span> <span class='ocrx_word' id='word_1_164' title='bbox 1525 2717 1746 2817; x_wconf 82' lang='lat' dir='ltr'>responsione</span> <span class='ocrx_word' id='word_1_165' title='bbox 1761 2744 1895 2805; x_wconf 91' lang='lat' dir='ltr'>eorum,</span> <span class='ocrx_word' id='word_1_166' title='bbox 1913 2721 2057 2796; x_wconf 87' lang='lat' dir='ltr'>firmiter</span> 
     </span>
     <span class='ocr_line' id='line_1_18' title="bbox 600 2836 2057 2938; baseline 0.001 -24"><span class='ocrx_word' id='word_1_167' title='bbox 600 2839 751 2914; x_wconf 89' lang='lat' dir='ltr'>inhibuit</span> <span class='ocrx_word' id='word_1_168' title='bbox 770 2836 935 2911; x_wconf 78' lang='lat' dir='ltr'>universis</span> <span class='ocrx_word' id='word_1_169' title='bbox 952 2862 997 2910; x_wconf 90' lang='lat' dir='ltr'>ne</span> <span class='ocrx_word' id='word_1_170' title='bbox 1016 2837 1061 2910; x_wconf 91' lang='lat' dir='ltr'>de</span> <span class='ocrx_word' id='word_1_171' title='bbox 1079 2837 1222 2911; x_wconf 89' lang='lat' dir='ltr'>civitate</span> <span class='ocrx_word' id='word_1_172' title='bbox 1245 2836 1316 2910; x_wconf 92' lang='lat' dir='ltr'>sme</span> <span class='ocrx_word' id='word_1_173' title='bbox 1335 2837 1517 2911; x_wconf 69' lang='lat' dir='ltr'>condustu</span> <span class='ocrx_word' id='word_1_174' title='bbox 1540 2839 1718 2912; x_wconf 91' lang='lat' dir='ltr'>communi</span> <span class='ocrx_word' id='word_1_175' title='bbox 1737 2840 1922 2938; x_wconf 91' lang='lat' dir='ltr'>quisquam</span> <span class='ocrx_word' id='word_1_176' title='bbox 1945 2842 2057 2916; x_wconf 92' lang='lat' dir='ltr'>laten-</span> 
     </span>
     <span class='ocr_line' id='line_1_19' title="bbox 599 2956 2057 3056; baseline 0.002 -24"><span class='ocrx_word' id='word_1_177' title='bbox 599 2972 653 3034; x_wconf 88' lang='lat' dir='ltr'>ter</span> <span class='ocrx_word' id='word_1_178' title='bbox 671 2959 793 3043; x_wconf 87' lang='lat' dir='ltr'>exiret,</span> <span class='ocrx_word' id='word_1_179' title='bbox 813 2959 873 3032; x_wconf 94' lang='lat' dir='ltr'>sed</span> <span class='ocrx_word' id='word_1_180' title='bbox 891 2958 1070 3056; x_wconf 90' lang='lat' dir='ltr'>sperantes</span> <span class='ocrx_word' id='word_1_181' title='bbox 1093 2958 1129 3030; x_wconf 93' lang='lat' dir='ltr'>in</span> <span class='ocrx_word' id='word_1_182' title='bbox 1149 2956 1311 3031; x_wconf 90' lang='lat' dir='ltr'>Altislimi</span> <span class='ocrx_word' id='word_1_183' title='bbox 1333 2958 1570 3032; x_wconf 88' lang='lat' dir='ltr'>misericordia</span> <span class='ocrx_word' id='word_1_184' title='bbox 1588 2961 1623 3033; x_wconf 91' lang='lat' dir='ltr'>se</span> <span class='ocrx_word' id='word_1_185' title='bbox 1647 2960 1789 3033; x_wconf 89' lang='lat' dir='ltr'>viriliter</span> <span class='ocrx_word' id='word_1_186' title='bbox 1812 2960 2057 3046; x_wconf 87' lang='lat' dir='ltr'>defenderent,</span> 
     </span>
     <span class='ocr_line' id='line_1_20' title="bbox 602 3078 2058 3178; baseline 0.002 -24"><span class='ocrx_word' id='word_1_187' title='bbox 602 3080 880 3155; x_wconf 89' lang='lat' dir='ltr'>Christianorum</span> <span class='ocrx_word' id='word_1_188' title='bbox 905 3079 1098 3152; x_wconf 86' lang='lat' dir='ltr'>exereitum</span> <span class='ocrx_word' id='word_1_189' title='bbox 1123 3079 1372 3177; x_wconf 63' lang='lat' dir='ltr'>expedientem</span> <span class='ocrx_word' id='word_1_190' title='bbox 1399 3079 1458 3178; x_wconf 92' lang='lat' dir='ltr'>qui</span> <span class='ocrx_word' id='word_1_191' title='bbox 1486 3078 1632 3153; x_wconf 91' lang='lat' dir='ltr'>tandem</span> <span class='ocrx_word' id='word_1_192' title='bbox 1655 3079 1699 3153; x_wconf 91' lang='lat' dir='ltr'>de</span> <span class='ocrx_word' id='word_1_193' title='bbox 1723 3081 1866 3157; x_wconf 86' lang='lat' dir='ltr'>civitate</span> <span class='ocrx_word' id='word_1_194' title='bbox 1887 3081 2058 3157; x_wconf 90' lang='lat' dir='ltr'>recedens</span> 
     </span>
     <span class='ocr_line' id='line_1_21' title="bbox 600 3198 2057 3301; baseline 0.001 -26"><span class='ocrx_word' id='word_1_195' title='bbox 600 3227 662 3301; x_wconf 91' lang='lat' dir='ltr'>per</span> <span class='ocrx_word' id='word_1_196' title='bbox 680 3199 864 3274; x_wconf 89' lang='lat' dir='ltr'>soldanum</span> <span class='ocrx_word' id='word_1_197' title='bbox 882 3198 984 3273; x_wconf 92' lang='lat' dir='ltr'>rediit</span> <span class='ocrx_word' id='word_1_198' title='bbox 1002 3211 1249 3283; x_wconf 90' lang='lat' dir='ltr'>memoratum,</span> <span class='ocrx_word' id='word_1_199' title='bbox 1268 3199 1344 3297; x_wconf 88' lang='lat' dir='ltr'>ejus</span> <span class='ocrx_word' id='word_1_200' title='bbox 1362 3198 1543 3273; x_wconf 70' lang='lat' dir='ltr'>condudtu</span> <span class='ocrx_word' id='word_1_201' title='bbox 1570 3198 1616 3272; x_wconf 88' lang='lat' dir='ltr'>ad</span> <span class='ocrx_word' id='word_1_202' title='bbox 1642 3225 1707 3274; x_wconf 91' lang='lat' dir='ltr'>nos</span> <span class='ocrx_word' id='word_1_203' title='bbox 1724 3201 1896 3299; x_wconf 67' lang='lat' dir='ltr'>praedista</span> <span class='ocrx_word' id='word_1_204' title='bbox 1913 3203 2057 3277; x_wconf 89' lang='lat' dir='ltr'>nuncia·</span> 
     </span>
     <span class='ocr_line' id='line_1_22' title="bbox 600 3319 2058 3423; baseline 0.001 -27"><span class='ocrx_word' id='word_1_205' title='bbox 600 3335 699 3396; x_wconf 91' lang='lat' dir='ltr'>turus</span> <span class='ocrx_word' id='word_1_206' title='bbox 718 3320 868 3395; x_wconf 80' lang='lat' dir='ltr'>accessit.</span> <span class='ocrx_word' id='word_1_207' title='bbox 923 3319 1007 3393; x_wconf 89' lang='lat' dir='ltr'>Post</span> <span class='ocrx_word' id='word_1_208' title='bbox 1024 3319 1125 3417; x_wconf 90' lang='lat' dir='ltr'>cujus</span> <span class='ocrx_word' id='word_1_209' title='bbox 1149 3319 1300 3393; x_wconf 91' lang='lat' dir='ltr'>reditum</span> <span class='ocrx_word' id='word_1_210' title='bbox 1317 3319 1421 3393; x_wconf 89' lang='lat' dir='ltr'>tertia</span> <span class='ocrx_word' id='word_1_211' title='bbox 1439 3320 1497 3393; x_wconf 94' lang='lat' dir='ltr'>die</span> <span class='ocrx_word' id='word_1_212' title='bbox 1515 3321 1602 3393; x_wconf 89' lang='lat' dir='ltr'>hora</span> <span class='ocrx_word' id='word_1_213' title='bbox 1620 3321 1680 3393; x_wconf 78' lang='lat' dir='ltr'>ix⁸.</span> <span class='ocrx_word' id='word_1_214' title='bbox 1705 3345 1768 3419; x_wconf 92' lang='lat' dir='ltr'>pro</span> <span class='ocrx_word' id='word_1_215' title='bbox 1787 3333 1884 3395; x_wconf 88' lang='lat' dir='ltr'>certo</span> <span class='ocrx_word' id='word_1_216' title='bbox 1910 3323 2058 3423; x_wconf 91' lang='lat' dir='ltr'>suscepi·</span> 
     </span>
     <span class='ocr_line' id='line_1_23' title="bbox 600 3440 2059 3541; baseline 0 -25"><span class='ocrx_word' id='word_1_217' title='bbox 600 3468 690 3527; x_wconf 78' lang='lat' dir='ltr'>muS,</span> <span class='ocrx_word' id='word_1_218' title='bbox 719 3442 829 3541; x_wconf 92' lang='lat' dir='ltr'>quod,</span> <span class='ocrx_word' id='word_1_219' title='bbox 861 3441 938 3514; x_wconf 90' lang='lat' dir='ltr'>aliis</span> <span class='ocrx_word' id='word_1_220' title='bbox 966 3440 1169 3515; x_wconf 92' lang='lat' dir='ltr'>inconsultis</span> <span class='ocrx_word' id='word_1_221' title='bbox 1195 3452 1230 3513; x_wconf 91' lang='lat' dir='ltr'>et</span> <span class='ocrx_word' id='word_1_222' title='bbox 1260 3440 1397 3524; x_wconf 88' lang='lat' dir='ltr'>nesciis,</span> <span class='ocrx_word' id='word_1_223' title='bbox 1428 3440 1603 3514; x_wconf 68' lang='lat' dir='ltr'>nostumo</span> <span class='ocrx_word' id='word_1_224' title='bbox 1631 3451 1790 3539; x_wconf 90' lang='lat' dir='ltr'>tempore</span> <span class='ocrx_word' id='word_1_225' title='bbox 1820 3467 1953 3541; x_wconf 87' lang='lat' dir='ltr'>magna</span> <span class='ocrx_word' id='word_1_226' title='bbox 1978 3468 2059 3541; x_wconf 89' lang='lat' dir='ltr'>pars</span> 
     </span>
     <span class='ocr_line' id='line_1_24' title="bbox 601 3559 2057 3662; baseline 0.001 -26"><span class='ocrx_word' id='word_1_227' title='bbox 601 3563 782 3636; x_wconf 91' lang='lat' dir='ltr'>hominum</span> <span class='ocrx_word' id='word_1_228' title='bbox 802 3574 1016 3635; x_wconf 89' lang='lat' dir='ltr'>armatorum</span> <span class='ocrx_word' id='word_1_229' title='bbox 1035 3559 1079 3633; x_wconf 95' lang='lat' dir='ltr'>de</span> <span class='ocrx_word' id='word_1_230' title='bbox 1098 3560 1241 3634; x_wconf 89' lang='lat' dir='ltr'>civitate</span> <span class='ocrx_word' id='word_1_231' title='bbox 1263 3560 1446 3644; x_wconf 86' lang='lat' dir='ltr'>recedens,</span> <span class='ocrx_word' id='word_1_232' title='bbox 1471 3559 1567 3660; x_wconf 92' lang='lat' dir='ltr'>apud</span> <span class='ocrx_word' id='word_1_233' title='bbox 1592 3560 1703 3659; x_wconf 88' lang='lat' dir='ltr'>Iopen</span> <span class='ocrx_word' id='word_1_234' title='bbox 1727 3561 1913 3637; x_wconf 88' lang='lat' dir='ltr'>infeliciter</span> <span class='ocrx_word' id='word_1_235' title='bbox 1937 3589 2057 3662; x_wconf 87' lang='lat' dir='ltr'>perve-</span> 
     </span>
     <span class='ocr_line' id='line_1_25' title="bbox 597 3680 2056 3781; baseline 0.001 -24"><span class='ocrx_word' id='word_1_236' title='bbox 597 3695 741 3767; x_wconf 82' lang='lat' dir='ltr'>nerunt3</span> <span class='ocrx_word' id='word_1_237' title='bbox 759 3682 804 3756; x_wconf 93' lang='lat' dir='ltr'>de</span> <span class='ocrx_word' id='word_1_238' title='bbox 819 3706 968 3781; x_wconf 93' lang='lat' dir='ltr'>quorum</span> <span class='ocrx_word' id='word_1_239' title='bbox 986 3681 1115 3753; x_wconf 88' lang='lat' dir='ltr'>furtivo</span> <span class='ocrx_word' id='word_1_240' title='bbox 1134 3680 1279 3754; x_wconf 87' lang='lat' dir='ltr'>discessu</span> <span class='ocrx_word' id='word_1_241' title='bbox 1294 3681 1455 3755; x_wconf 91' lang='lat' dir='ltr'>dolentes</span> <span class='ocrx_word' id='word_1_242' title='bbox 1472 3706 1542 3754; x_wconf 93' lang='lat' dir='ltr'>non</span> <span class='ocrx_word' id='word_1_243' title='bbox 1561 3681 1740 3755; x_wconf 93' lang='lat' dir='ltr'>modicum</span> <span class='ocrx_word' id='word_1_244' title='bbox 1758 3693 1794 3759; x_wconf 93' lang='lat' dir='ltr'>et</span> <span class='ocrx_word' id='word_1_245' title='bbox 1813 3686 1992 3770; x_wconf 88' lang='lat' dir='ltr'>commoti,</span> <span class='ocrx_word' id='word_1_246' title='bbox 2012 3711 2056 3759; x_wconf 91' lang='lat' dir='ltr'>eo</span> 
     </span>
     <span class='ocr_line' id='line_1_26' title="bbox 599 3800 2055 3903; baseline 0.001 -26"><span class='ocrx_word' id='word_1_247' title='bbox 599 3804 696 3903; x_wconf 88' lang='lat' dir='ltr'>quod</span> <span class='ocrx_word' id='word_1_248' title='bbox 715 3815 872 3877; x_wconf 89' lang='lat' dir='ltr'>ceterum</span> <span class='ocrx_word' id='word_1_249' title='bbox 890 3801 1060 3900; x_wconf 90' lang='lat' dir='ltr'>populum</span> <span class='ocrx_word' id='word_1_250' title='bbox 1081 3800 1396 3874; x_wconf 79' lang='lat' dir='ltr'>IeroIOIImitanum</span> <span class='ocrx_word' id='word_1_251' title='bbox 1416 3801 1449 3873; x_wconf 93' lang='lat' dir='ltr'>in</span> <span class='ocrx_word' id='word_1_252' title='bbox 1469 3800 1677 3875; x_wconf 84' lang='lat' dir='ltr'>divisionem</span> <span class='ocrx_word' id='word_1_253' title='bbox 1698 3803 1852 3901; x_wconf 89' lang='lat' dir='ltr'>posuerit</span> <span class='ocrx_word' id='word_1_254' title='bbox 1874 3815 1910 3877; x_wconf 92' lang='lat' dir='ltr'>et</span> <span class='ocrx_word' id='word_1_255' title='bbox 1937 3816 2055 3903; x_wconf 92' lang='lat' dir='ltr'>ruptu-</span> 
     </span>
     <span class='ocr_line' id='line_1_27' title="bbox 600 3919 2055 4022; baseline 0.002 -27"><span class='ocrx_word' id='word_1_256' title='bbox 600 3949 696 4008; x_wconf 89' lang='lat' dir='ltr'>ram;</span> <span class='ocrx_word' id='word_1_257' title='bbox 728 3922 835 4021; x_wconf 91' lang='lat' dir='ltr'>paulo</span> <span class='ocrx_word' id='word_1_258' title='bbox 866 3921 942 4020; x_wconf 90' lang='lat' dir='ltr'>post</span> <span class='ocrx_word' id='word_1_259' title='bbox 971 3945 1128 3994; x_wconf 89' lang='lat' dir='ltr'>rumores</span> <span class='ocrx_word' id='word_1_260' title='bbox 1152 3919 1197 3992; x_wconf 92' lang='lat' dir='ltr'>de</span> <span class='ocrx_word' id='word_1_261' title='bbox 1226 3920 1406 4018; x_wconf 71' lang='lat' dir='ltr'>sepedidto</span> <span class='ocrx_word' id='word_1_262' title='bbox 1438 3920 1715 3996; x_wconf 88' lang='lat' dir='ltr'>lerosolimitano</span> <span class='ocrx_word' id='word_1_263' title='bbox 1746 3925 1878 4022; x_wconf 93' lang='lat' dir='ltr'>populo</span> <span class='ocrx_word' id='word_1_264' title='bbox 1904 3923 2055 3998; x_wconf 91' lang='lat' dir='ltr'>finistros</span> 
     </span>
     <span class='ocr_line' id='line_1_28' title="bbox 598 4040 2054 4141; baseline 0.003 -25"><span class='ocrx_word' id='word_1_265' title='bbox 598 4043 811 4141; x_wconf 89' lang='lat' dir='ltr'>suscepimus</span> <span class='ocrx_word' id='word_1_266' title='bbox 829 4053 865 4114; x_wconf 92' lang='lat' dir='ltr'>et</span> <span class='ocrx_word' id='word_1_267' title='bbox 882 4040 1129 4114; x_wconf 81' lang='lat' dir='ltr'>lacrimabiles,</span> <span class='ocrx_word' id='word_1_268' title='bbox 1183 4040 1250 4139; x_wconf 90' lang='lat' dir='ltr'>Ipsi</span> <span class='ocrx_word' id='word_1_269' title='bbox 1269 4041 1376 4124; x_wconf 92' lang='lat' dir='ltr'>enim,</span> <span class='ocrx_word' id='word_1_270' title='bbox 1397 4041 1683 4115; x_wconf 90' lang='lat' dir='ltr'>Corosminorum</span> <span class='ocrx_word' id='word_1_271' title='bbox 1700 4043 1866 4117; x_wconf 90' lang='lat' dir='ltr'>iteratum</span> <span class='ocrx_word' id='word_1_272' title='bbox 1889 4045 2054 4120; x_wconf 90' lang='lat' dir='ltr'>timentes</span> 
     </span>
     <span class='ocr_line' id='line_1_29' title="bbox 604 4160 2054 4265; baseline 0.003 -30"><span class='ocrx_word' id='word_1_273' title='bbox 604 4162 808 4247; x_wconf 90' lang='lat' dir='ltr'>adventum,</span> <span class='ocrx_word' id='word_1_274' title='bbox 827 4162 917 4235; x_wconf 91' lang='lat' dir='ltr'>ultra</span> <span class='ocrx_word' id='word_1_275' title='bbox 935 4161 981 4259; x_wconf 80' lang='lat' dir='ltr'>vj.</span> <span class='ocrx_word' id='word_1_276' title='bbox 1000 4160 1110 4233; x_wconf 93' lang='lat' dir='ltr'>millia</span> <span class='ocrx_word' id='word_1_277' title='bbox 1129 4160 1323 4244; x_wconf 92' lang='lat' dir='ltr'>hominum,</span> <span class='ocrx_word' id='word_1_278' title='bbox 1350 4161 1527 4235; x_wconf 89' lang='lat' dir='ltr'>nonnullis</span> <span class='ocrx_word' id='word_1_279' title='bbox 1553 4162 1588 4235; x_wconf 94' lang='lat' dir='ltr'>in</span> <span class='ocrx_word' id='word_1_280' title='bbox 1607 4162 1749 4237; x_wconf 89' lang='lat' dir='ltr'>civitate</span> <span class='ocrx_word' id='word_1_281' title='bbox 1773 4164 1905 4238; x_wconf 69' lang='lat' dir='ltr'>relistis</span> <span class='ocrx_word' id='word_1_282' title='bbox 1923 4166 1984 4265; x_wconf 92' lang='lat' dir='ltr'>qui</span> <span class='ocrx_word' id='word_1_283' title='bbox 2002 4191 2054 4240; x_wconf 89' lang='lat' dir='ltr'>re·</span> 
     </span>
     <span class='ocr_line' id='line_1_30' title="bbox 596 4279 2054 4385; baseline 0.001 -29"><span class='ocrx_word' id='word_1_284' title='bbox 596 4282 723 4357; x_wconf 92' lang='lat' dir='ltr'>cedere</span> <span class='ocrx_word' id='word_1_285' title='bbox 747 4282 792 4355; x_wconf 94' lang='lat' dir='ltr'>de</span> <span class='ocrx_word' id='word_1_286' title='bbox 814 4281 956 4356; x_wconf 88' lang='lat' dir='ltr'>civitate</span> <span class='ocrx_word' id='word_1_287' title='bbox 979 4281 1179 4365; x_wconf 91' lang='lat' dir='ltr'>noluerunt,</span> <span class='ocrx_word' id='word_1_288' title='bbox 1198 4279 1243 4354; x_wconf 99' lang='lat' dir='ltr'>de</span> <span class='ocrx_word' id='word_1_289' title='bbox 1262 4283 1440 4354; x_wconf 91' lang='lat' dir='ltr'>communi</span> <span class='ocrx_word' id='word_1_290' title='bbox 1459 4281 1613 4366; x_wconf 90' lang='lat' dir='ltr'>consrlio,</span> <span class='ocrx_word' id='word_1_291' title='bbox 1632 4294 1706 4356; x_wconf 92' lang='lat' dir='ltr'>tam</span> <span class='ocrx_word' id='word_1_292' title='bbox 1724 4284 1841 4357; x_wconf 93' lang='lat' dir='ltr'>clerici</span> <span class='ocrx_word' id='word_1_293' title='bbox 1865 4309 1973 4385; x_wconf 90' lang='lat' dir='ltr'>quam</span> <span class='ocrx_word' id='word_1_294' title='bbox 1991 4286 2054 4359; x_wconf 91' lang='lat' dir='ltr'>viri</span> 
     </span>
     <span class='ocr_line' id='line_1_31' title="bbox 597 4388 2053 4503; baseline 0.002 -28"><span class='ocrx_word' id='word_1_295' title='bbox 597 4402 747 4503; x_wconf 87' lang='lat' dir='ltr'>religiosi</span> <span class='ocrx_word' id='word_1_296' title='bbox 766 4415 802 4475; x_wconf 92' lang='lat' dir='ltr'>et</span> <span class='ocrx_word' id='word_1_297' title='bbox 820 4388 999 4500; x_wconf 88' lang='lat' dir='ltr'>utriusque</span> <span class='ocrx_word' id='word_1_298' title='bbox 1022 4403 1124 4475; x_wconf 85' lang='lat' dir='ltr'>sexus</span> <span class='ocrx_word' id='word_1_299' title='bbox 1142 4400 1235 4485; x_wconf 89' lang='lat' dir='ltr'>laici,</span> <span class='ocrx_word' id='word_1_300' title='bbox 1254 4401 1312 4474; x_wconf 94' lang='lat' dir='ltr'>die</span> <span class='ocrx_word' id='word_1_301' title='bbox 1332 4401 1459 4475; x_wconf 89' lang='lat' dir='ltr'>Martis</span> <span class='ocrx_word' id='word_1_302' title='bbox 1477 4403 1512 4475; x_wconf 91' lang='lat' dir='ltr'>in</span> <span class='ocrx_word' id='word_1_303' title='bbox 1530 4402 1651 4501; x_wconf 87' lang='lat' dir='ltr'>vigilia</span> <span class='ocrx_word' id='word_1_304' title='bbox 1669 4404 1780 4478; x_wconf 69' lang='lat' dir='ltr'>sandti</span> <span class='ocrx_word' id='word_1_305' title='bbox 1800 4404 2053 4479; x_wconf 87' lang='lat' dir='ltr'>Bartholomaei</span> 
     </span>
     <span class='ocr_line' id='line_1_32' title="bbox 599 4521 2053 4625; baseline 0.003 -29"><span class='ocrx_word' id='word_1_306' title='bbox 599 4524 715 4625; x_wconf 79' lang='lat' dir='ltr'>[Aug.</span> <span class='ocrx_word' id='word_1_307' title='bbox 735 4522 798 4622; x_wconf 81' lang='lat'>23]</span> <span class='ocrx_word' id='word_1_308' title='bbox 829 4524 922 4596; x_wconf 88' lang='lat' dir='ltr'>circa</span> <span class='ocrx_word' id='word_1_309' title='bbox 948 4522 1181 4620; x_wconf 87' lang='lat' dir='ltr'>vespertinam</span> <span class='ocrx_word' id='word_1_310' title='bbox 1210 4521 1345 4607; x_wconf 92' lang='lat' dir='ltr'>horam,</span> <span class='ocrx_word' id='word_1_311' title='bbox 1375 4524 1452 4596; x_wconf 92' lang='lat' dir='ltr'>sunt</span> <span class='ocrx_word' id='word_1_312' title='bbox 1480 4523 1658 4597; x_wconf 87' lang='lat' dir='ltr'>civitatem</span> <span class='ocrx_word' id='word_1_313' title='bbox 1688 4524 1823 4624; x_wconf 87' lang='lat' dir='ltr'>egressi,</span> <span class='ocrx_word' id='word_1_314' title='bbox 1849 4524 1896 4625; x_wconf 86' lang='lat' dir='ltr'>ad</span> <span class='ocrx_word' id='word_1_315' title='bbox 1924 4537 2053 4600; x_wconf 89' lang='lat' dir='ltr'>terram</span> 
     </span>
    </p>
   </div>
   <div class='ocr_carea' id='block_1_3' title="bbox 595 4642 2053 4986">
    <p class='ocr_par' dir='ltr' id='par_1_3' title="bbox 595 4642 2053 4986">
     <span class='ocr_line' id='line_1_33' title="bbox 598 4642 2053 4746; baseline -0.001 -26"><span class='ocrx_word' id='word_1_316' title='bbox 598 4645 876 4720; x_wconf 89' lang='lat' dir='ltr'>Christianorum</span> <span class='ocrx_word' id='word_1_317' title='bbox 901 4644 967 4717; x_wconf 93' lang='lat' dir='ltr'>iter</span> <span class='ocrx_word' id='word_1_318' title='bbox 990 4642 1172 4741; x_wconf 90' lang='lat' dir='ltr'>capientes</span> <span class='ocrx_word' id='word_1_319' title='bbox 1198 4668 1261 4742; x_wconf 91' lang='lat' dir='ltr'>per</span> <span class='ocrx_word' id='word_1_320' title='bbox 1286 4644 1366 4716; x_wconf 90' lang='lat' dir='ltr'>loca</span> <span class='ocrx_word' id='word_1_321' title='bbox 1391 4656 1573 4728; x_wconf 81' lang='lat' dir='ltr'>montana,</span> <span class='ocrx_word' id='word_1_322' title='bbox 1592 4643 1709 4718; x_wconf 89' lang='lat' dir='ltr'>confifi</span> <span class='ocrx_word' id='word_1_323' title='bbox 1733 4645 1778 4719; x_wconf 93' lang='lat' dir='ltr'>de</span> <span class='ocrx_word' id='word_1_324' title='bbox 1804 4646 1939 4746; x_wconf 80' lang='lat' dir='ltr'>treugiS</span> <span class='ocrx_word' id='word_1_325' title='bbox 1962 4672 2053 4746; x_wconf 89' lang='lat' dir='ltr'>quas</span> 
     </span>
     <span class='ocr_line' id='line_1_34' title="bbox 597 4762 2052 4863; baseline 0 -23"><span class='ocrx_word' id='word_1_326' title='bbox 597 4792 678 4840; x_wconf 92' lang='lat' dir='ltr'>cum</span> <span class='ocrx_word' id='word_1_327' title='bbox 701 4765 905 4841; x_wconf 88' lang='lat' dir='ltr'>Sarracenis</span> <span class='ocrx_word' id='word_1_328' title='bbox 923 4764 968 4837; x_wconf 91' lang='lat' dir='ltr'>de</span> <span class='ocrx_word' id='word_1_329' title='bbox 991 4763 1168 4838; x_wconf 89' lang='lat' dir='ltr'>montanis</span> <span class='ocrx_word' id='word_1_330' title='bbox 1191 4762 1385 4848; x_wconf 89' lang='lat' dir='ltr'>habebant,</span> <span class='ocrx_word' id='word_1_331' title='bbox 1409 4765 1589 4862; x_wconf 89' lang='lat' dir='ltr'>sperantes</span> <span class='ocrx_word' id='word_1_332' title='bbox 1612 4790 1674 4863; x_wconf 92' lang='lat' dir='ltr'>per</span> <span class='ocrx_word' id='word_1_333' title='bbox 1698 4765 1793 4839; x_wconf 90' lang='lat' dir='ltr'>illam</span> <span class='ocrx_word' id='word_1_334' title='bbox 1811 4767 1906 4840; x_wconf 88' lang='lat' dir='ltr'>viam</span> <span class='ocrx_word' id='word_1_335' title='bbox 1927 4765 2052 4841; x_wconf 88' lang='lat' dir='ltr'>Coros-</span> 
     </span>
     <span class='ocr_line' id='line_1_35' title="bbox 595 4884 2053 4986; baseline -0.001 -26"><span class='ocrx_word' id='word_1_336' title='bbox 595 4887 769 4961; x_wconf 91' lang='lat' dir='ltr'>minorum</span> <span class='ocrx_word' id='word_1_337' title='bbox 793 4886 988 4986; x_wconf 91' lang='lat' dir='ltr'>periculum</span> <span class='ocrx_word' id='word_1_338' title='bbox 1006 4886 1149 4970; x_wconf 90' lang='lat' dir='ltr'>evitare,</span> <span class='ocrx_word' id='word_1_339' title='bbox 1174 4895 1210 4959; x_wconf 90' lang='lat' dir='ltr'>et</span> <span class='ocrx_word' id='word_1_340' title='bbox 1228 4884 1313 4959; x_wconf 90' lang='lat' dir='ltr'>dum</span> <span class='ocrx_word' id='word_1_341' title='bbox 1335 4885 1479 4979; x_wconf 90' lang='lat' dir='ltr'>Scillam</span> <span class='ocrx_word' id='word_1_342' title='bbox 1498 4886 1630 4960; x_wconf 89' lang='lat' dir='ltr'>evitare</span> <span class='ocrx_word' id='word_1_343' title='bbox 1648 4884 1833 4960; x_wconf 87' lang='lat' dir='ltr'>crederent</span> <span class='ocrx_word' id='word_1_344' title='bbox 1853 4886 2053 4961; x_wconf 89' lang='lat' dir='ltr'>inciderunt</span> 
     </span>
    </p>
   </div>
   <div class='ocr_carea' id='block_1_4' title="bbox 0 0 2362 6421">
    <p class='ocr_par' dir='ltr' id='par_1_4' title="bbox 0 0 2362 6421">
     <span class='ocr_line' id='line_1_36' title="bbox 0 0 2362 6421; baseline 0 0"><span class='ocrx_word' id='word_1_345' title='bbox 0 0 2362 6421; x_wconf 95' lang='lat' dir='ltr'> </span> 
     </span>
    </p>
   </div>
  </div>
 </body>
</html>
