4716 6428
413 715 486 785 202
763 704 1083 783 ΟΗΒΟΝΙΟΑ
1115 703 1191 781 DE
1226 701 1520 780 MAILROS.
1635 701 1735 783 ΑΒ.
1757 709 1867 787 1268.

414 936 556 1026 propter
574 924 686 1023 ipsum
703 923 814 998 sacta.
852 921 1006 997 Factum
1020 920 1072 996 est
1088 946 1174 1022 ergo
1189 931 1228 994 ut
1245 945 1328 994 mox
1344 929 1529 1020 perempto
1546 920 1694 996 Simone
1706 934 1744 997 et
1761 936 1870 1000 exuto

416 1045 462 1120 ab
481 1045 639 1119 armis‘in
658 1044 787 1143 quibua
800 1041 948 1143 jacebat
964 1054 1136 1127 mortuus,
1150 1039 1296 1142 quidam
1309 1067 1353 1115 ex
1370 1041 1450 1115 filiis
1465 1040 1580 1116 Belial
1593 1043 1806 1120 accederent
1823 1046 1871 1121 ad

415 1191 544 1267 corpus
561 1164 650 1264 ejua,
670 1162 891 1237 abscidentes
916 1162 949 1237 ei
972 1187 1099 1237 manus
1116 1173 1153 1237 et
1176 1161 1303 1262 pedes;
1330 1161 1375 1236 de
1393 1185 1544 1262 quarum
1569 1163 1683 1239 altera
1699 1191 1808 1242 manu
1823 1165 1871 1242 sic

413 1287 449 1360 se
475 1284 584 1359 habet
607 1310 690 1359 vera
713 1285 849 1358 relatio.
904 1282 992 1357 Erat
1015 1281 1161 1382 quidam
1183 1282 1361 1357 marchius
1384 1283 1420 1356 in
1444 1283 1617 1358 comitatu
1638 1284 1786 1373 Cestrie,
1811 1287 1870 1363 hic

415 1419 491 1482 erat
508 1431 590 1480 cum
609 1404 785 1479 Eduardo
803 1405 839 1477 in
857 1402 953 1478 bello
973 1401 1153 1488 Eusamie,
1172 1397 1234 1503 bui
1257 1403 1334 1502 post
1351 1401 1485 1477 bellum
1504 1405 1673 1505 arripiens
1689 1407 1870 1484 intersetli

419 1528 574 1601 Simonis
591 1551 747 1608 manum,
767 1524 812 1598 de
830 1550 902 1624 qua
920 1535 1003 1598 aute
1022 1523 1158 1598 diorum
1176 1523 1238 1608 esi,
1257 1523 1347 1597 misit
1363 1524 1461 1598 illam
1484 1550 1546 1624 per
1564 1526 1730 1602 clientem
1748 1527 1870 1629 impia·
1918 1539 1921 1546 '

413 1649 499 1744 tatis
512 1648 573 1721 sue
588 1646 633 1720 ad
647 1671 794 1721 uxorem
806 1646 917 1729 suam,
932 1655 971 1717 ut
983 1642 1159 1744 gauderet
1171 1642 1217 1718 de
1230 1644 1480 1719 interfectione
1494 1645 1638 1732 inimici,
1650 1647 1752 1748 cujus
1763 1648 1870 1723 inter·

413 1767 580 1844 sectionis
598 1764 819 1840 certissimum
837 1763 974 1864 signum
993 1775 1069 1838 erat
1086 1786 1213 1839 manus
1231 1775 1428 1863 amputata.
1467 1765 1561 1839 Cum
1574 1792 1647 1866 qua
1660 1767 1804 1843 veniens
1822 1768 1870 1843 ad

413 1888 574 1989 predium
593 1885 726 1960 domini
744 1885 794 1959 sui
813 1885 924 1959 cliens
941 1895 977 1959 et
994 1909 1068 1959 non
1084 1884 1268 1959 inveniens
1285 1883 1398 1984 predii
1416 1883 1598 1961 dominam
1615 1885 1724 1974 domi,
1741 1913 1868 1988 prope·

413 2020 467 2084 rat
485 2008 531 2083 ad
549 2005 733 2082 ecclesiam
756 2004 997 2105 parochialem
1015 2003 1075 2079 ubi
1094 2016 1182 2091 erat,
1199 2029 1273 2078 non
1290 2004 1398 2105 longe
1416 2032 1438 2080 a
1455 2005 1579 2106 predio
1601 2007 1664 2081 viri
1681 2008 1733 2082 sui
1754 2007 1868 2084 fitam.

413 2130 498 2216 Quo
516 2153 597 2202 curn
615 2126 760 2202 venisset
776 2151 858 2200 cum
875 2151 985 2200 manu
1002 2150 1110 2226 quam
1128 2125 1296 2225 portabat
1312 2126 1348 2200 iu
1371 2126 1509 2226 gremio
1526 2128 1719 2227 panniculo
1735 2129 1870 2205 involu-

416 2262 502 2334 tam,
524 2246 664 2323 accessrt
687 2245 733 2321 ad
752 2247 932 2321 dominam
954 2246 1106 2346 loquens
1122 2246 1156 2320 ei
1179 2245 1318 2320 inaure
1341 2246 1387 2321 de
1410 2248 1681 2347 interemptione
1703 2231 1869 2325 Simonis.

414 2383 437 2416 ‘⁶
451 2369 544 2454 Ac,'’
564 2369 690 2468 inquit,
709 2380 733 2413 ‘⁶
747 2365 837 2441 istud
852 2365 904 2440 est
915 2365 1052 2466 siguum
1070 2365 1253 2441 occisionis
1271 2366 1385 2467 ejuS,”
1405 2367 1526 2443 volens
1544 2363 1729 2446 ostendere
1747 2371 1781 2446 ei
1797 2396 1870 2446 ma·

411 2514 498 2564 num
512 2499 745 2587 amputatam.
783 2487 847 2562 Set
859 2485 985 2561 mulier
997 2512 1044 2560 ne
1058 2485 1367 2573 verecundaretur,
1382 2488 1438 2562 vel
1455 2489 1547 2563 sorte
1559 2500 1723 2566 metuens
1737 2490 1870 2577 Deum,

413 2622 513 2695 tunc,
532 2634 613 2683 cum
630 2607 827 2707 persisteret
843 2608 879 2681 in
897 2608 1058 2682 oratioue
1069 2609 1149 2692 sua,
1167 2607 1281 2681 noluit
1303 2633 1450 2683 manum
1466 2608 1587 2684 videre
1604 2609 1666 2684 sed
1682 2636 1801 2710 neque
1819 2623 1871 2686 at»

413 2731 580 2816 tredtare,
593 2729 677 2802 licet
695 2728 805 2802 cliens
822 2727 990 2801 instanter
1007 2726 1236 2828 persuaderet
1249 2728 1282 2803 ei
1300 2740 1340 2802 ut
1354 2729 1499 2803 allatam
1516 2730 1694 2831 acciperet
1706 2743 1742 2806 et
1759 2756 1871 2830 penes

412 2852 448 2926 se
465 2851 643 2925 retineret.
683 2847 752 2922 Cui
770 2872 956 2948 perperam
973 2847 1133 2923 suadenti
1152 2849 1202 2922 ait
1214 2846 1371 2934 domina,
1390 2863 1414 2896 “
1428 2849 1600 2950 Opperire
1619 2849 1734 2926 donec
1750 2850 1871 2926 divina

411 2972 544 3048 suerint
566 2967 847 3070 percelebrata.”
903 2967 962 3041 Ad
975 2967 1107 3068 jussum
1125 2969 1232 3068 igitur
1251 2968 1394 3043 domine
1411 2969 1578 3046 secedens
1594 2969 1711 3045 stabat
1728 2973 1764 3047 in
1781 2972 1871 3046 mul·

413 3091 565 3167 titudine
582 3089 705 3190 populi
719 3101 759 3163 ut
773 3088 984 3164 auscultaret
997 3088 1150 3175 mislam3
1169 3100 1205 3163 et
1223 3090 1361 3164 fanum
1379 3090 1430 3164 est
1447 3090 1532 3165 dum
1545 3091 1741 3167 elevaretur
1758 3093 1872 3168 sacro·

412 3214 539 3288 sancta
555 3210 681 3295 hostia,
701 3221 737 3285 et
754 3208 907 3310 populus
925 3209 1079 3284 elevaret
1096 3234 1223 3284 manus
1241 3210 1333 3295 suas,
1351 3211 1482 3310 pariter
1499 3224 1537 3286 et
1553 3211 1663 3288 cliens
1682 3211 1728 3287 ad
1747 3212 1872 3288 Domi·

413 3359 500 3408 num
528 3359 550 3407 a
578 3330 761 3407 sacerdote
783 3311 967 3406 'elevatum
994 3329 1227 3415 adorandum,
1253 3355 1339 3405 ecce
1366 3355 1493 3407 manua
1520 3333 1633 3408 santii
1658 3334 1737 3420 viri,
1766 3359 1874 3434 quam

412 3453 589 3554 bajularat
606 3451 746 3527 satelles
764 3451 921 3526 satellitis
940 3449 1086 3536 diaboli,
1100 3452 1204 3551 supra
1222 3452 1339 3553 capud
1353 3451 1431 3552 ejus
1449 3453 1583 3554 absque
1596 3456 1693 3529 omni
1710 3453 1873 3531 sensibili·

413 3584 488 3650 tate
507 3574 584 3674 ejus
597 3572 763 3647 divinitus
781 3571 832 3646 est
850 3571 1001 3657 elevata,
1020 3571 1070 3646 ita
1087 3582 1127 3644 ut
1145 3572 1404 3671 preeminentia
1421 3573 1616 3650 altitudinis
1633 3576 1760 3651 melius
1777 3576 1872 3651 cerni

412 3694 578 3796 potuisset
591 3719 699 3794 quam
718 3718 845 3767 manus
863 3691 1169 3791 praeminentioris
1185 3692 1339 3767 hominis
1353 3692 1399 3767 de
1412 3695 1509 3768 omni
1521 3695 1748 3772 multitudine
1760 3696 1871 3771 horni-

412 3815 582 3915 numqui
606 3813 654 3887 ibi
677 3825 763 3887 tunc
786 3812 946 3886 aderant.
1001 3813 1083 3898 Que
1106 3811 1191 3886 dum
1216 3813 1379 3889 adoraret
1398 3813 1595 3901 Dominum
1617 3817 1811 3917 majestatis
1835 3818 1872 3893 in

414 3935 613 4009 elevatione
631 3935 709 4033 ejus
727 3934 772 4007 de
790 3958 863 4033 qua
875 3931 1012 4008 dictum
1030 3933 1092 4018 est,
1107 3944 1146 4006 ut
1163 3933 1395 4009 inclinaverat
1407 3936 1448 4010 se
1465 3937 1584 4012 versus
1597 3937 1709 4013 altare
1722 3936 1768 4012 ad
1785 3937 1871 4012 ado·

413 4055 564 4128 randum
590 4079 684 4138 eum,
711 4054 806 4127 omni
833 4052 931 4128 dicto
955 4053 1058 4128 citius
1085 4054 1214 4127 iterum
1239 4055 1410 4130 reclinata
1436 4038 1550 4133 estin
1574 4058 1611 4132 id
1636 4059 1749 4159 ipsum
1773 4056 1870 4133 unde

415 4175 561 4257 exierat,
579 4157 651 4247 non
674 4172 745 4248 sina
768 4174 897 4246 virtute
921 4173 1124 4260 divinitatis,
1148 4175 1339 4275 panniculo
1360 4202 1434 4276 quo
1456 4177 1699 4254 involvebatur
1721 4178 1867 4253 invento

414 4296 551 4393 integre
569 4295 715 4367 consuto
734 4304 772 4367 ut
789 4293 885 4392 prius
903 4305 978 4367 erat
996 4295 1137 4392 penitus
1155 4295 1288 4395 absque
1306 4298 1401 4371 omni
1421 4296 1789 4373 animadvertibilitate
1806 4297 1869 4373 ba·

410 4415 568 4515 julantis.
624 4413 738 4512 Cujus
760 4412 927 4488 novitatis
952 4413 1161 4489 miraculum
1187 4417 1422 4515 perpendens,
1444 4418 1569 4494 mulier
1591 4443 1700 4519 quam
1723 4417 1870 4518 praedixi

346 4622 361 4649 ἱ
415 4535 536 4610 Deum
560 4545 790 4618 metuentem,
815 4534 865 4606 ait
888 4533 1007 4608 clienti
1031 4535 1108 4633 post
1129 4535 1228 4609 misse
1252 4536 1540 4627 celebrationem,
1564 4552 1751 4615 “manum
1774 4539 1871 4616 illam

345 4637 349 4644 ’
415 4682 524 4759 quam
543 4656 708 4731 dominus
730 4679 831 4729 meus
854 4680 917 4755 per
940 4667 976 4730 te
994 4655 1083 4730 misit
1101 4655 1235 4744 adme,
1254 4671 1395 4757 reporta
1413 4658 1461 4734 ad
1482 4660 1593 4747 illum,
1612 4661 1782 4762 quoniam
1798 4685 1869 4735 non

415 4777 559 4852 intrabit
577 4777 612 4850 in
630 4777 775 4850 domurn
793 4780 949 4850 meam.”
992 4776 1157 4852 Perculsa
1175 4779 1269 4853 euim
1288 4791 1365 4853 erat
1381 4780 1470 4853 miro
1487 4780 1629 4881 stupore
1646 4806 1690 4856 ex
1707 4781 1816 4856 invisa
1834 4792 1869 4854 et

415 4898 574 4972 inaudita
587 4896 716 4972 visione
729 4898 811 4972 novi
824 4896 995 4982 miraculi,
1013 4908 1156 4997 propter
1168 4899 1266 4997 quod
1280 4900 1330 4974 ait
1343 4899 1474 4986 clienti,
1493 4914 1516 4948 ‘⁶
1528 4900 1658 5002 dignus
1671 4900 1723 4977 est
1735 4901 1869 4978 ultione
