4716 6428
411 712 485 788 216
762 709 1080 787 CHRONICA
1113 709 1189 785 DE
1226 707 1517 785 MAILROS.
1632 708 1732 786 Am.
1754 711 1864 789 1263.

413 926 471 1024 vij.
489 926 643 1000 infantes
667 949 738 999 uno
762 924 820 998 die
829 924 961 1024 'bgreffi
985 924 1064 997 sunt
1081 922 1126 999 de
1144 934 1245 997 utero
1263 923 1367 996 unius
1389 922 1557 1008 mulieris,
1575 934 1615 997 ut
1636 922 1750 1024 liquet
1767 926 1865 1002 dieto

412 1046 514 1131 libro,
533 1046 689 1146 capitulo
707 1045 907 1145 iiij.;—nec
928 1043 1077 1142 ysrdoro,
1100 1043 1190 1118 libro
1208 1042 1256 1143 xj.
1276 1041 1532 1143 Ethimologie,
1552 1043 1708 1143 capitulo
1731 1045 1796 1146 iij,
1814 1046 1865 1122 di·

309 1184 313 1191 ·
413 1167 519 1252 centi,
537 1165 634 1265 quod
652 1166 798 1266 quidam
821 1165 983 1239 homines
1000 1164 1136 1239 dentati
1159 1166 1359 1248 nascuntur,
1378 1163 1524 1263 quidam
1547 1161 1700 1251 barbati,
1718 1167 1864 1266 quidam

414 1288 510 1371 cani;
533 1299 571 1360 et
588 1286 685 1385 quod
703 1286 832 1360 vitulus
849 1297 954 1359 natus
977 1285 1044 1358 suit
1067 1310 1112 1358 ex
1134 1284 1292 1370 muliere,
1316 1296 1352 1357 et
1375 1282 1472 1383 quod
1490 1283 1561 1358 alia
1577 1286 1702 1360 mulier
1726 1289 1864 1388 peperit

412 1410 608 1507 serpentem
616 1432 743 1492 3-nec
761 1407 899 1505 insuper
913 1403 1069 1491 credent,
1084 1405 1180 1504 quod
1194 1404 1364 1504 elephans
1377 1405 1515 1504 peperit
1528 1405 1738 1505 serpentem,
1753 1420 1792 1482 ut
1802 1408 1864 1484 ha·

414 1527 515 1602 betur
533 1528 734 1628 supradiobo
757 1526 846 1600 libro
867 1526 983 1610 Plinii,
1007 1524 1162 1625 capitulo
1186 1524 1400 1625 supraditto.
1455 1525 1589 1600 Ductis
1615 1525 1723 1626 igitur
1747 1529 1864 1628 hujus·

412 1648 507 1722 modi
525 1645 806 1722 similitudinibus
824 1658 945 1720 contra
962 1645 1165 1730 mendaces,
1188 1657 1331 1745 propter
1353 1645 1546 1731 Simonem,
1565 1648 1673 1746 queso
1691 1660 1730 1722 ut
1746 1649 1864 1725 nullus

413 1769 458 1844 de
476 1795 520 1843 eo
538 1768 751 1868 obloquatur
768 1792 831 1866 per
847 1766 993 1840 modurn
1011 1765 1252 1852 detras’tionis
1270 1791 1316 1841 ne
1334 1767 1425 1841 sorte
1444 1766 1688 1865 apprehendat
1701 1794 1783 1843 eum
1801 1770 1863 1844 ali-
1894 1816 1941 1872 rot.
1956 1819 2044 1876 721).

411 1916 483 1989 qua
509 1915 553 1963 ex
579 1888 772 1963 ultionibus
794 1888 919 1961 merito
946 1898 1089 1986 propter
1116 1886 1386 1971 detrae’tionem,
1414 1887 1450 1960 in
1477 1887 1606 1986 quibus
1635 1889 1793 1963 nonnulli
1818 1917 1863 1966 ex

412 2012 537 2086 emulis
555 2011 632 2111 ejus
650 2009 890 2109 temporaliter
907 2008 1020 2108 perire
1037 2018 1252 2082 meruerunt.
1307 2006 1390 2081 Fuit
1407 2019 1443 2081 et
1465 2008 1589 2082 Simon
1608 2008 1823 2086 descendens
1841 2037 1863 2086 a

411 2133 492 2206 viris
518 2129 701 2215 bellicosa,
721 2128 888 2229 aquibus
911 2129 983 2228 ipse
1006 2152 1078 2201 non
1096 2127 1319 2229 degenerans
1341 2126 1460 2202 fimilis
1483 2128 1602 2204 fastus
1628 2140 1705 2204 erat
1726 2129 1806 2217 illis,
1824 2143 1863 2206 ut

411 2252 653 2352 supradibtum
671 2250 733 2335 est,
751 2250 802 2322 vir
819 2249 1017 2334 bellic‘osus,
1034 2249 1071 2322 in
1090 2247 1293 2323 occubitum
1310 2247 1432 2322 mortis
1450 2249 1619 2324 transiens
1637 2261 1780 2351 propter
1792 2252 1862 2352 jus·

411 2374 526 2448 titiam
544 2373 579 2446 in
597 2369 703 2455 bello,
721 2369 809 2444 srcut
825 2368 888 2469 ipfi
905 2371 1011 2443 causa
1023 2368 1157 2468 justitie
1175 2368 1418 2443 occubuerunt
1435 2369 1471 2442 in
1489 2366 1595 2455 bello,
1614 2370 1746 2446 scilicet
1763 2356 1862 2471 pater

411 2493 500 2590 ejus,
519 2517 605 2566 avus
622 2491 710 2590 ejuS,
729 2514 880 2589 proavus
898 2489 987 2588 ejus
1005 2499 1145 2563 attavus
1163 2489 1251 2587 ejus,
1270 2488 1458 2563 abattavus
1475 2489 1563 2589 ejus.

445 2695 633 2770 Exrrrcrr
651 2719 881 2770 oruscuuurr
899 2717 949 2768 ou
970 2718 1100 2768 uorum
1124 2693 1274 2768 Snroun
1296 2718 1345 2768 nn
1366 2694 1511 2770 Moura
1532 2720 1646 2770 ronrr
1670 2721 1831 2774 norrun.

464 2994 606 3070 Cnssrr
620 2994 735 3067 officio
759 2992 1032 3066 abbatizationis
1049 2993 1109 3066 sue
1122 2992 1285 3068 dominus
1299 2992 1481 3068 Johannes
1494 2992 1539 3068 de
1551 2992 1734 3080 Edirham,
1748 2992 1861 3074 abbas

411 3099 456 3192 de
475 3115 623 3200 Melros,
647 3114 704 3188 cui
730 3112 885 3187 succeffit
910 3112 1073 3186 dominus
1100 3111 1278 3188 Robertus
1301 3114 1346 3189 de
1373 3113 1574 3200 Keldeleht,
1597 3116 1792 3191 monachus
1815 3117 1860 3192 de

310 3298 318 3326 .
411 3235 597 3322 Neubotil,
615 3234 676 3334 qui
694 3234 791 3334 prius
808 3234 925 3308 suerat
943 3233 1054 3309 abbas
1071 3232 1117 3308 de
1137 3234 1384 3308 Dunsermelin
1402 3246 1438 3308 et
1455 3235 1687 3309 cancellarius
1707 3236 1846 3312 Scooie.

461 3357 567 3431 Anno
587 3355 733 3430 Domini
750 3344 932 3428 mcclxis.
959 3354 1149 3455 gloriosum
1175 3355 1517 3458 principemregem
1542 3354 1692 3430 Francie
1716 3370 1860 3432 euntem

409 3479 527 3554 versus
550 3489 678 3550 terram
704 3477 876 3560 sanctam,
903 3475 1059 3550 inmensa
1085 3436 1260 3550 violentias
1277 3486 1462 3550 ventorum
1490 3476 1525 3550 in
1548 3477 1636 3551 mari
1657 3477 1788 3554 Grecie
1814 3479 1860 3554 ab

408 3601 532 3675 itinere
551 3597 675 3672 extulit
693 3597 835 3697 incepto
850 3595 895 3670 ad
914 3608 1071 3670 exteram
1088 3597 1287 3681 necionem,
1305 3622 1414 3697 quam
1432 3622 1514 3671 cnm
1532 3597 1700 3684 intrasset,
1714 3601 1859 3700 cognos-

409 3746 493 3795 cens
511 3718 608 3820 quod
632 3717 731 3817 regio
750 3716 835 3791 esset
855 3716 1025 3790 Barbarie
1049 3741 1172 3817 regem
1190 3717 1267 3816 ejus
1288 3715 1351 3792 fibi
1373 3715 1587 3818 subjugavit,
1604 3730 1641 3792 et
1657 3719 1858 3819 metropoli·

407 3854 529 3914 tanam
546 3839 624 3938 ejus
637 3837 828 3922 civitatem,
842 3837 999 3912 inolitam
1012 3837 1128 3923 valde,
1146 3835 1336 3923 robustam,
1351 3849 1459 3939 atque
1470 3826 1695 3938 populosam,
1710 3838 1857 3924 obsedit,

408 3971 444 4033 et
463 3958 632 4033 obsessam
650 3958 756 4058 cepit.
811 3956 881 4031 Ista
899 3958 1022 4033 civitas
1041 3957 1173 4033 Tunis‘
1189 3959 1332 4033 nornine
1350 3984 1431 4033 cum
1453 3958 1530 4033 aliis
1548 3959 1748 4034 civitatibus
1764 3959 1857 4032 illius

407 4078 563 4179 regionis
579 4077 653 4178 regi
670 4077 820 4151 Francie
837 4077 981 4179 singulis
999 4077 1099 4152 annis
1116 4103 1287 4179 magnum
1304 4078 1419 4154 reddit
1431 4079 1613 4164 tributum,
1627 4079 1727 4178 cujus
1740 4078 1855 4152 incole

410 4222 519 4271 unum
538 4196 659 4271 Deum
677 4197 874 4271 altiffimum
892 4197 1024 4282 colunt,
1048 4222 1120 4272 non
1138 4199 1267 4272 trinum
1284 4200 1320 4273 in
1338 4201 1505 4300 personis,
1523 4211 1559 4274 et
1581 4198 1662 4273 ideo
1685 4196 1856 4298 parceba-

408 4331 465 4393 tur
477 4318 544 4393 illis
557 4320 603 4392 ne
616 4317 928 4392 interficerentura
942 4317 1099 4404 Francis,
1114 4320 1282 4418 quoniam
1296 4321 1416 4394 colunt
1429 4345 1537 4394 unum
1552 4319 1676 4393 Deum
1688 4318 1760 4393 fine
1772 4319 1856 4420 lego

407 4438 620 4525 Judeorum3
634 4437 705 4512 duo
718 4437 885 4538 Episcopi
898 4439 1022 4512 suntin
1037 4438 1096 4512 illa
1106 4440 1264 4540 regione.
1296 4441 1470 4541 Subjecta
1480 4441 1601 4541 itaque
1611 4439 1758 4541 regione
1771 4438 1857 4514 Bar·

410 4560 509 4635 barie
526 4560 602 4661 regi
623 4558 785 4645 Francia,
804 4585 884 4633 cum
908 4559 1003 4635 idem
1026 4585 1088 4634 rex
1110 4562 1226 4636 versus
1250 4563 1392 4662 propria
1415 4563 1556 4648 rediret,
1573 4587 1646 4635 una
1668 4586 1750 4635 cum
1772 4586 1858 4660 rege

408 4681 604 4766 Nauemie,
628 4681 756 4755 mortui
784 4682 862 4755 sunt
892 4679 997 4756 ambo
1027 4681 1063 4755 in
1092 4681 1167 4768 via3
1197 4707 1278 4756 oum
1308 4683 1437 4783 quibus
1466 4681 1554 4757 obiit
1583 4681 1709 4757 Dauid
1739 4706 1858 4757 comes

973 4915 982 4938 ¹
1003 4915 1054 4970 See
1067 4916 1180 4979 Fordun.
1195 4915 1221 4970 ii.
1235 4919 1294 4970 tol.
