4716 6428
599 691 668 759 120
933 680 1257 758 CHRONICA
1290 680 1366 757 DE
1404 681 1690 757 MAILROS.
1822 683 1922 758 Ab.
1946 691 2051 759 1215.

583 899 672 972 tanti
691 897 896 971 discriminis
914 897 1086 996 impetum
1110 922 1192 970 cum
1217 921 1350 995 magno
1377 895 1536 994 periculo
1555 897 1753 969 evaserunt.
1806 895 1889 971 Nec
1907 897 1954 971 fic
1971 900 2048 997 qui-

585 1018 679 1102 dem,
698 1031 736 1090 ut
761 1017 924 1101 creditur,
944 1017 1125 1091 evasissent
1151 1016 1213 1089 nifi
1237 1016 1282 1090 de
1308 1028 1482 1114 concepto
1510 1015 1640 1089 scelere
1667 1016 1873 1114 compuntfii
1901 1017 1947 1091 ab
1973 1020 2048 1118 ipso

584 1138 646 1236 qui
671 1138 870 1211 dominatur
896 1138 1061 1236 potestati
1087 1137 1205 1219 maris,
1233 1136 1289 1209 cui
1317 1135 1449 1209 scilicet
1474 1160 1572 1208 mare
1597 1146 1633 1208 et
1650 1135 1745 1208 venti
1764 1135 1949 1222 obediunt,
1973 1150 2050 1212 tota

585 1258 700 1331 cordis
718 1258 928 1331 contritione
947 1258 1087 1331 veniam
1114 1255 1312 1354 quesissent.
1369 1255 1463 1328 Cum
1488 1255 1642 1328 lacrimis
1660 1255 1754 1328 enim
1778 1267 1814 1328 et
1840 1254 2050 1356 singultibus

585 1379 651 1451 iter
677 1378 838 1451 sanstuni
856 1379 974 1451 versus
1000 1376 1239 1450 lerosolimam
1267 1375 1496 1458 devoverunt,
1524 1385 1560 1446 et
1585 1374 1621 1447 iii
1645 1400 1750 1448 carne
1776 1376 1918 1473 propria
1936 1378 2050 1451 crucis

585 1498 706 1571 sanste
724 1498 944 1595 signaculum
963 1496 1008 1570 ab
1028 1497 1177 1568 invicem
1196 1497 1432 1592 suscoperunt.
1476 1493 1544 1567 Per
1563 1494 1682 1567 omnia
1701 1494 1912 1568 benedifilus
1932 1497 2049 1581 Deus,

586 1618 647 1715 qui
672 1617 861 1691 incredulis
879 1628 915 1690 et
934 1616 1116 1689 obstinatis
1133 1616 1298 1688 meritum
1317 1614 1526 1712 supplicium
1544 1638 1615 1686 non
1633 1616 1790 1713 negavit,
1809 1617 2050 1714 penitentibus

586 1762 669 1809 vero
688 1747 726 1809 et
742 1738 882 1810 veniam
900 1735 1104 1834 petentibus
1121 1746 1258 1807 motum
1275 1734 1449 1806 fliistuum
1467 1734 1574 1806 maris
1592 1734 1786 1833 mitigavit!

639 1856 869 1930 Celebratum
900 1856 951 1929 est
982 1855 1170 1928 concilium
1205 1854 1374 1953 generale
1410 1853 1506 1952 apud
1538 1852 1691 1926 Romam
1721 1879 1784 1952 per
1811 1880 1867 1927 xv.
1900 1854 1976 1930 dies
2006 1856 2051 1928 ad

586 1975 757 2050 kalendas
777 1975 1013 2049 Novembrisa
1034 1974 1090 2073 [N
1092 2000 1147 2047 ov.
1171 1973 1227 2072 l];
1254 1973 1290 2045 iii
1315 1998 1387 2072 quo
1406 1974 1556 2046 concilio
1574 1973 1687 2046 multa
1711 1974 1757 2046 ad
1781 1975 2053 2073 extirpationem

587 2097 751 2170 vitiorum
770 2109 806 2170 et
824 2095 1099 2170 destruaionem
1118 2094 1366 2178 hereticorum,
1381 2093 1427 2166 ad
1445 2093 1750 2167 confirmationem
1769 2094 1878 2167 etiam
1895 2094 2052 2169 fidelium

588 2228 624 2289 et
639 2217 925 2291 emendationem
945 2240 1095 2298 morum,
1114 2214 1246 2312 Spiritu
1265 2213 1388 2287 lausto
1406 2214 1609 2311 inspirante,
1624 2214 1703 2286 sunt
1717 2213 1918 2288 constituta.
1958 2214 2052 2287 Inter

588 2361 659 2434 que
678 2338 785 2410 etiam
799 2337 969 2409 statutum
983 2335 1034 2408 est
1052 2333 1272 2432 approbante
1287 2334 1384 2406 sacro
1399 2333 1562 2417 concilio,
1577 2345 1612 2407 et
1632 2333 1846 2407 auetoritate
1861 2334 2053 2433 apostolica

589 2456 733 2528 firmiter
760 2467 976 2555 praeceptum
998 2454 1061 2539 est,
1081 2464 1119 2525 ut
1146 2453 1191 2525 ad
1218 2452 1406 2526 subsidium
1432 2453 1554 2525 sanfite
1581 2464 1672 2526 terre
1699 2479 1824 2527 omnes
1847 2455 1990 2527 omnino
2016 2456 2052 2528 in

590 2574 745 2647 ecclesiis
764 2575 976 2658 beneficiati,
995 2586 1068 2646 tam
1087 2572 1215 2646 subditi
1235 2597 1344 2670 quam
1365 2573 1501 2670 praelati
1519 2572 1719 2647 vicesimam
1738 2586 1875 2672 partem
1894 2575 2051 2648 omnium

589 2693 904 2767 ecclesiasticorum
922 2704 1156 2792 proventuum
1174 2718 1237 2791 pei
1251 2691 1466 2790 subsequens
1480 2693 1670 2766 triennium
1688 2695 1825 2793 integre
1840 2695 2051 2779 conferrent,

591 2839 653 2913 per
681 2840 808 2888 manus
835 2840 957 2887 eorum
984 2838 1074 2911 quos
1099 2812 1144 2885 ad
1171 2811 1353 2911 hocopus
1382 2812 1574 2910 apostolica
1604 2812 1790 2912 assignaret
1816 2813 2049 2912 providentia,

591 2934 748 3031 exceptis
773 2933 982 3033 quibusdam
1006 2932 1175 3031 religiosis
1197 2944 1233 3006 et
1256 2932 1322 3005 hiis
1340 2932 1402 3031 qui
1426 2933 1654 3031 personaliter
1678 2934 1714 3006 in
1738 2945 1867 3007 teriam
1890 2933 2051 3007 sanctam

589 3052 699 3127 essent
723 3054 928 3152 profestum.
984 3054 1062 3151 Ipse
1087 3063 1206 3125 autem
1225 3052 1388 3126 dominus
1405 3077 1500 3150 papa
1518 3064 1553 3126 et
1572 3076 1696 3127 omiies
1713 3052 1922 3137 cardinales,
1945 3079 1991 3127 ne
2014 3054 2049 3127 iri

590 3173 757 3247 humeros
775 3174 923 3247 aliorum
949 3174 1083 3246 honera
1106 3171 1332 3271 inportabilia
1358 3173 1528 3270 inponere
1546 3172 1760 3258 viderentur,
1779 3173 1956 3246 decimam
1978 3198 2052 3247 oni·

590 3294 689 3392 nium
707 3305 941 3391 proventuum
960 3295 1100 3367 suorum
1118 3292 1368 3390 persolverunt.
1415 3291 1547 3365 Praeter
1565 3292 1632 3365 hec
1650 3293 1758 3366 etiam
1776 3293 1941 3367 domiuus
1957 3317 2053 3393 papa

591 3414 736 3513 triginta
752 3414 861 3488 millia
878 3413 1046 3487 librarum
1061 3412 1321 3512 crucesignatis
1339 3411 1533 3512 assignavit,
1553 3423 1647 3486 etex
1665 3413 1735 3487 alia
1746 3425 1846 3512 parte
1864 3413 1929 3513 iij·.
1943 3413 2054 3488 millia

591 3559 801 3608 marcarum.
857 3533 1080 3632 Praeceptum
1098 3532 1149 3605 est
1168 3532 1275 3606 etiam
1296 3543 1333 3604 ut
1357 3557 1449 3605 anno
1468 3532 1623 3605 secundo
1641 3534 1814 3631 sequenti,
1833 3533 1939 3608 idest
1960 3559 2053 3609 anno

593 3652 638 3727 ab
662 3654 904 3727 incarnatione
929 3653 1060 3726 domini
1087 3652 1331 3751 i1⁰.cc⁰.xvij⁰.,
1350 3677 1474 3724 omnes
1492 3677 1597 3726 cruce
1615 3653 1739 3726 saudla
1756 3651 1883 3753 signati
1907 3653 1952 3727 ab
1979 3655 2053 3728 uni-

592 3771 702 3847 versis
723 3772 844 3847 mundi
872 3772 1031 3871 partibus
1057 3771 1266 3871 congregati
1292 3771 1328 3844 in
1354 3771 1527 3845 kalendas
1554 3770 1651 3845 Junii
1682 3770 1782 3868 [Jun.
1815 3772 1849 3871 l]
1878 3773 1914 3847 in
1942 3798 2054 3873 regno

597 3892 775 3986 Sicilicieb
793 3892 1044 3965 adunarentur.
1098 3890 1309 3965 Notandum
1327 3891 1436 3964 etiam
1460 3890 1557 3990 quod
1580 3891 1616 3964 in
1635 3891 1764 3965 eodem
1781 3892 1942 3977 concilio,
1966 3916 2054 3991 prae·

593 4012 728 4086 sidente
754 4011 898 4084 domino
924 4037 1020 4110 papa
1046 4009 1255 4084 Innocentio
1281 4011 1360 4110 iij⁰.,
1386 4011 1613 4109 pontificatus
1639 4012 1690 4085 sui
1722 4036 1815 4085 anno
1841 4012 1966 4111 xviij⁰.,
1992 4013 2055 4110 qui

598 4132 891 4207 Constantiniano
906 4132 1044 4216 dicitur,
1062 4132 1206 4204 suerunt
1220 4131 1374 4230 episcopi
1393 4156 1487 4204 cccc.
1504 4143 1539 4203 et
1557 4131 1630 4230 xij,
1650 4132 1739 4205 inter
1757 4157 1847 4230 quos
1865 4133 2056 4206 extiterunt

595 4252 641 4325 de
664 4252 851 4350 praecipuis
872 4251 1079 4350 patriarchis
1097 4251 1149 4349 ij0.
1168 4250 1333 4325 videlicet
1355 4250 1769 4350 Constantinopolitanus
1792 4264 1828 4326 et
1848 4252 2055 4327 lerosolimi·

594 4383 712 4455 tanus,
732 4369 978 4445 Antioclienus
996 4383 1115 4455 autem
1138 4372 1236 4471 gravi
1247 4371 1419 4471 languore
1437 4371 1603 4445 detentus
1620 4397 1692 4445 nori
1710 4373 1825 4471 potuit
1843 4374 1975 4458 venire,
1994 4373 2054 4446 sed

594 4492 685 4566 misit
702 4517 765 4590 pro
784 4493 819 4565 le
832 4492 1000 4565 vicarium
1019 4494 1117 4565 suum
1134 4490 1406 4565 Antidorensem
1421 4491 1637 4589 episcopum,
1654 4490 1916 4566 Alexandrinus
1934 4503 2055 4565 autem

595 4614 657 4688 sub
681 4614 940 4687 Saracenorum
958 4612 1114 4685 dominio
1133 4611 1353 4697 constitutus,
1379 4612 1463 4685 secit
1489 4611 1586 4709 quod
1610 4612 1737 4710 potuit,
1764 4612 1908 4687 mitteris
1931 4635 1995 4710 pro
2019 4613 2055 4685 se

597 4759 808 4834 germanum
844 4734 944 4808 suum
979 4732 1178 4807 diaconem.
1251 4732 1425 4805 Primates
1449 4742 1570 4805 autem
1593 4743 1629 4803 et
1657 4732 1921 4831 metropolitani
1956 4731 2054 4816 lxxi,

632 4894 718 4965 (35)·
735 4896 794 4950 The
809 4894 920 4949 Council
929 4893 1080 4951 osbaterau
1089 4911 1143 4949 was
1156 4892 1219 4948 held
1230 4891 1297 4948 sroiii
1309 4892 1356 4948 the
1371 4891 1435 4947 llth
1447 4902 1477 4946 to
1486 4890 1533 4947 the
1542 4892 1608 4947 aoth
1618 4890 1651 4946 os
1655 4892 1815 4947 November.
1837 4892 1929 4959 ΒΑΛ,
1943 4893 1979 4949 iii.
1995 4896 2054 4955 163,

593 4984 657 5034 evo.
766 4980 905 5036 lSicilire?
