4716 6428
611 698 680 766 128
973 684 1293 763 CHRONICA
1326 686 1401 761 DE
1437 686 1723 764 MAILROS.
1828 691 1929 767 Ab.
1960 694 2067 772 1216.

609 907 755 980 strosum
774 915 988 1002 portentum,
1008 914 1081 975 tarn
1099 900 1314 974 horrendum
1332 900 1543 973 miraculum
1556 900 1692 975 filentio
1710 902 1785 1001 tegi
1799 902 1976 978 debuerit.
2022 903 2070 978 Et

608 1026 631 1099 sr
654 1026 803 1099 Creator
821 1048 891 1096 non
911 1033 1049 1095 tantum
1067 1022 1163 1105 lune,
1182 1019 1242 1094 sed
1261 1021 1375 1095 tocius
1393 1032 1555 1095 creature
1580 1021 1893 1121 praecellentissime
1911 1024 2071 1124 speciosi·

608 1147 672 1219 tati
690 1146 773 1217 lune
797 1155 833 1217 et
852 1144 926 1216 sere
953 1142 1112 1215 omnium
1131 1141 1388 1214 elementorum
1414 1141 1637 1227 firmamenti,
1664 1143 1773 1216 etiarn
1799 1154 1891 1218 terre
1910 1157 1947 1219 et
1964 1146 2071 1220 maris

607 1269 827 1341 sacramenta
841 1265 876 1336 in
890 1265 925 1337 se
940 1262 1134 1336 continenti
1152 1287 1223 1334 non
1242 1262 1412 1360 pepercit,
1431 1261 1503 1335 imo
1521 1288 1584 1360 pro
1597 1262 1742 1337 humani
1761 1265 1902 1362 generis
1920 1290 2069 1364 praemu·

607 1386 745 1460 nicione
763 1396 863 1457 tanta
881 1394 1027 1480 tamque
1041 1380 1176 1487 diversa
1195 1380 1420 1455 deformitate
1439 1381 1549 1479 ipsam
1566 1382 1687 1455 lunam
1701 1382 1924 1457 dehonestari
1942 1387 2070 1483 permi-

511 1482 515 1489 Δ
607 1506 659 1591 srt,
678 1505 763 1604 quid
782 1504 826 1576 de
845 1502 924 1601 ipsis
942 1502 1003 1575 siet
1025 1527 1089 1600 pro
1108 1499 1237 1600 quibus
1255 1500 1322 1573 hcc
1340 1500 1552 1599 praeostensa
1570 1503 1659 1587 sunt,
1674 1503 1735 1601 qui
1753 1528 1821 1577 nec
1838 1504 1964 1578 timore
1985 1504 2068 1590 Dei,

607 1652 674 1701 nec
692 1650 823 1725 pavore
847 1623 1024 1723 gehenne,
1046 1621 1116 1695 five
1135 1621 1205 1695 alia
1222 1645 1437 1721 quacunque
1457 1622 1501 1695 de
1525 1624 1643 1707 causa,
1662 1648 1684 1696 a
1705 1623 1910 1722 perditionis
1928 1627 1988 1699 sue
2011 1625 2070 1698 via

607 1748 880 1821 revertuntur?'’

658 1985 765 2059 Auno
793 1984 975 2083 ancensij.
1006 1983 1229 2059 consecratus
1257 1981 1308 2056 est
1340 1980 1514 2056 Ricardus
1544 1983 1590 2057 de
1620 1982 1774 2058 Marisco
1802 1985 1838 2057 in
1864 1985 2068 2084 episcopum

609 2106 917 2180 Dunelmensem.q

657 2226 798 2300 Eodem
816 2249 922 2308 anne,
939 2224 1059 2297 mense
1077 2222 1099 2296 J
1103 2223 1186 2305 ulio,
1203 2222 1342 2295 fastum
1360 2221 1409 2294 est
1429 2222 1556 2296 navale
1571 2222 1703 2297 bellum
1721 2224 1812 2298 inter
1831 2224 2019 2300 Franciam
2034 2239 2069 2300 et

609 2347 791 2447 Angliam,
811 2345 934 2417 nostris
953 2341 1172 2441 temporibus
1185 2342 1395 2415 inauditum.
1427 2342 1683 2418 Commorante
1701 2345 1796 2418 enim
1815 2345 1850 2418 in
1873 2343 2070 2420 Lundoniis

608 2467 751 2540 domino
768 2465 982 2538 Laodowico
998 2488 1078 2536 cum
1096 2488 1229 2561 magna
1246 2463 1396 2535 militurn
1410 2463 1648 2549 multitudine,
1662 2489 1708 2539 ne
1723 2464 1868 2564 aliquod
1881 2464 2070 2541 subsrdium

607 2587 652 2660 de
672 2586 824 2660 Francia
842 2584 958 2658 eidem
977 2583 1171 2666 adveniret,
1193 2581 1337 2682 Anglici
1364 2595 1486 2682 portus
1507 2610 1631 2658 omnes
1657 2598 1920 2683 occupaverant
1939 2599 1975 2660 et
1995 2612 2069 2661 ma-

607 2707 683 2780 rina
700 2706 819 2779 littora
837 2703 1080 2777 districtiffime
1094 2701 1351 2776 custodiebant.
1406 2704 1534 2777 Franci
1553 2730 1636 2778 vero
1654 2704 1690 2777 in
1704 2730 1812 2778 manu
1825 2705 1944 2779 valida
1958 2718 1994 2781 et
2008 2731 2069 2781 na·

606 2826 701 2899 vium
719 2824 945 2899 multitudine
964 2824 1107 2921 copiosa
1125 2823 1320 2909 venientes,
1338 2823 1416 2897 vice
1434 2825 1548 2922 prima
1566 2826 1601 2898 in
1619 2825 1725 2900 maris
1742 2826 1861 2899 medio
1880 2827 2069 2902 vistoriam

606 2946 726 3045 adepti
745 2956 907 3043 optatum
924 2945 1007 3017 litus
1025 2942 1269 3043 possederunt:
1289 2942 1349 3016 sed
1368 2944 1445 3018 vice
1459 2947 1571 3030 versa,
1586 2944 1668 3019 Deo
1682 2945 1902 3045 disponente,
1921 2972 2069 3047 congre-

605 3067 700 3166 gatis
718 3065 875 3164 undiquc
893 3065 1011 3138 nautis
1030 3075 1065 3137 et
1082 3063 1243 3147 navibus,
1263 3064 1390 3137 iterum
1402 3065 1437 3137 in
1449 3064 1568 3138 medio
1586 3066 1693 3139 maris
1711 3066 1909 3140 adinvicem
1924 3065 2069 3141 obvian-

607 3201 672 3271 tes,
701 3185 942 3285 congressione
971 3186 1083 3268 faeta,
1104 3183 1249 3283 Anglici
1281 3183 1468 3258 vistoriam
1496 3186 1724 3284 optinuerunt
1755 3199 1791 3259 et
1821 3186 2070 3287 archipiratam

608 3307 837 3391 Francorum,
858 3305 1090 3379 Eustachium
1107 3304 1341 3378 monachumr
1358 3306 1589 3404 appellatum,
1609 3331 1691 3380 cum
1710 3307 1786 3381 aliis
1804 3308 1997 3382 innumeris
2010 3333 2069 3382 oc·

606 3428 788 3511 ciderunt;
816 3452 966 3524 quorum
985 3426 1161 3499 cadavera
1179 3424 1332 3524 piscibus
1350 3426 1456 3500 maris
1474 3426 1679 3525 sepelienda
1702 3429 1965 3514 commiserunt,
1981 3453 2068 3526 quo·

606 3575 682 3621 rum
701 3547 871 3646 exequias
889 3547 1024 3620 marine
1043 3546 1161 3619 bellue
1180 3545 1459 3620 celebraverunt.
1513 3545 1719 3620 Nobiliores
1738 3558 1858 3621 autem
1876 3548 2068 3624 retinentes

606 3669 640 3740 in
659 3669 759 3741 firma
777 3667 947 3751 custodia,
966 3665 1029 3739 sub
1048 3667 1107 3765 spe
1126 3666 1227 3764 pacis
1246 3679 1283 3739 et
1301 3665 1490 3741 concordie
1508 3666 1668 3740 firmioris
1686 3668 1953 3743 conservabant.
1990 3668 2067 3743 No·

605 3789 701 3862 mina
719 3813 801 3860 vero
820 3798 1005 3884 potentum
1024 3787 1085 3884 qui
1099 3785 1233 3859 ibidem
1252 3787 1347 3886 capti
1361 3787 1451 3872 sunt,
1469 3787 1537 3861 hec
1554 3789 1650 3873 sunt;
1679 3786 1857 3863 Robertus
1875 3789 1920 3863 de
1942 3788 2066 3863 Curte-

606 3909 675 3990 nei,
707 3906 909 3980 Willelmus
938 3906 982 3979 de
1013 3904 1127 3989 Baris,
1158 3904 1334 3980 Radulsus
1361 3906 1406 3980 de
1435 3907 1624 3991 Tornellis,
1657 3906 1858 3983 Willelmus
1886 3908 1931 3981 de
1962 3908 2067 3993 lchri,

609 4026 811 4100 Willelmus
830 4026 874 4099 de
896 4026 1020 4110 Pessei,
1042 4025 1180 4100 Perven
1199 4026 1244 4098 de
1263 4025 1284 4099 J
1287 4026 1441 4112 ohanris,
1458 4027 1618 4101 Thomas
1632 4027 1678 4101 de
1695 4027 1814 4114 Cusei,
1831 4028 2009 4104 Aelradus
2023 4028 2068 4103 de

610 4146 796 4231 Croizillis,
826 4146 1015 4219 Anselmus
1039 4146 1083 4218 de
1114 4145 1303 4243 Romoyni,
1335 4146 1466 4220 Gallon
1494 4148 1540 4222 de
1569 4148 1754 4233 Munceni,
1781 4147 2005 4224 Nevellunus
2023 4149 2069 4223 de

608 4259 717 4342 Araz,
739 4257 939 4331 Willelmus
958 4258 1002 4331 dc
1031 4258 1192 4331 Mariscis
1218 4270 1255 4331 et
1281 4258 1340 4331 alii
1364 4259 1477 4333 multi.
1535 4261 1683 4334 Summa
1709 4273 1896 4359 captorum
1918 4261 2070 4334 militum

607 4379 739 4453 sexcies
757 4378 893 4477 viginti,
908 4391 944 4451 et
962 4379 1195 4462 vservientes,
1215 4378 1376 4476 equitum
1387 4379 1516 4477 septies
1527 4405 1598 4465 xx„
1617 4392 1653 4453 et
1671 4381 1717 4480 vj.
1740 4379 1929 4465 balestarii,
1948 4380 2067 4479 xxxiij.

605 4499 805 4584 servientes
839 4499 999 4598 peditum
1034 4498 1232 4598 ostingenti
1267 4510 1303 4571 et
1340 4499 1459 4599 xxxiij.
1517 4498 1623 4574 Hanc
1654 4502 1826 4575 summam
1850 4511 1896 4575 §t
1925 4502 2070 4576 nomina

651 4654 663 4685 l
678 4654 722 4707 M.
738 4655 815 4707 Paris
827 4654 915 4723 places
929 4653 969 4706 his
982 4653 1163 4706 consceration
1179 4671 1251 4723 upon
1265 4652 1310 4705 the
1324 4653 1390 4705 teth
1403 4653 1435 4706 os
1443 4654 1459 4707 J
1462 4653 1506 4724 uly
1521 4657 1597 4716 1219,
1612 4673 1639 4725 p.
1654 4658 1715 4707 210.
1843 4654 1852 4677 ¹
1875 4653 2071 4708 1111011101-

605 4740 703 4793 mation
717 4738 804 4792 which
818 4738 897 4792 could
914 4739 948 4791 he
961 4737 1089 4790 collected
1102 4756 1175 4807 upon
1188 4737 1235 4791 the
1253 4736 1355 4807 history
1367 4736 1399 4790 os
1412 4737 1465 4791 this
1478 4738 1583 4791 curicus
1596 4756 1748 4809 personage,
1769 4738 1822 4793 md
1840 4738 1888 4793 the
1900 4748 1994 4793 events
2006 4738 2072 4793 with

604 4823 691 4876 which
711 4824 745 4876 he
757 4823 904 4876 associated
922 4821 1034 4884 himself,
1058 4820 1127 4873 have
1139 4824 1208 4875 been
1228 4821 1332 4890 heapcd
1345 4821 1465 4891 together
1486 4823 1520 4892 by
1533 4840 1578 4892 my
1594 4821 1678 4875 friend
1691 4821 1735 4875 Μ.
1751 4823 1908 4893 Fmacisqae
1920 4822 2030 4885 Miches,
2044 4822 2072 4875 in

604 4908 644 4960 his
656 4907 834 4962 introduction
848 4917 876 4960 to
889 4925 905 4960 a
917 4907 1038 4960 valuable
1052 4905 1155 4959 French
1169 4905 1302 4959 historical
1315 4924 1402 4976 poem,
1427 4906 1577 4975 abeunding
1589 4906 1616 4958 in
1635 4905 1735 4960 minute
1754 4906 1857 4969 details,
1872 4905 1926 4960 and
1938 4904 2073 4976 evidently

603 4991 649 5045 the
662 4992 838 5062 composition
851 4990 908 5048 osa
919 5000 1101 5063 contempory,
1116 4990 1227 5046 entitled
1247 4999 1265 5023 “
1275 4992 1375 5045 Roma
1386 4991 1544 5046 d'Emtaclrc
1556 4992 1580 5045 le
1593 4988 1712 5045 baim?
1749 4994 1811 5045 810.
1851 4990 1933 5055 Paris,
1950 4992 2028 5044 leat.
