4716 6428
634 718 707 787 ns
983 709 1304 789 cunonncn
1336 710 1413 786 nn
1448 640 1739 787 unrnnos.
1859 710 2086 791 annae

636 928 825 1004 miraculis.
880 925 985 1001 Unde
1002 925 1184 1002 habebant
1206 925 1315 1001 talem
1338 926 1512 1002 rationem
1528 951 1593 1026 pro
1610 928 1646 1001 se
1669 926 1755 1000 dum
1775 926 1862 1000 talia
1883 926 2092 1003 confabula-

639 1061 770 1135 rentur,
793 1046 890 1150 quod
914 1073 985 1121 non
1008 1046 1124 1122 minus
1150 1046 1320 1121 occubuit
1345 1047 1469 1122 Simon
1492 1072 1556 1146 pro
1575 1046 1671 1145 justa
1694 1047 1831 1121 ratione
1852 1047 2093 1147 legitimarum

638 1168 881 1270 polleffionum
909 1168 1053 1269 Anglie,
1083 1193 1193 1269 quam
1225 1167 1387 1242 Thomas
1411 1192 1475 1267 pro
1506 1167 1668 1268 legitima
1698 1167 1836 1242 ratione
1867 1167 2094 1244 ecclesianam

641 1290 774 1391 Anglie
798 1290 882 1378 olim
905 1288 1133 1363 occubuerat.
1188 1286 1367 1389 Legitime
1385 1288 1492 1388 igitur
1512 1288 1757 1362 occubuerunt
1779 1287 1886 1363 ambo
1909 1289 1946 1363 in
1966 1289 2095 1366 diebu

638 1411 707 1485 luis
732 1410 925 1484 ciliciorum
956 1408 1163 1508 penitentia,
1189 1433 1260 1507 que
1288 1433 1352 1508 pre
1377 1407 1454 1483 aliis
1480 1408 1683 1507 penitentiis
1711 1407 1810 1483 ducit
1834 1408 2015 1485 bominem
2044 1409 2092 1484 ad

641 1532 773 1616 Deum,
791 1530 921 1615 induti;
947 1540 986 1603 ut
1009 1528 1243 1603 induitionem
1266 1541 1388 1603 eterne
1406 1529 1676 1628 incorruptionis
1699 1541 1842 1629 propter
1861 1531 2095 1631 penitentiam

639 1676 747 1750 quam
770 1650 966 1725 voluntarie
990 1662 1132 1748 propter
1151 1649 1325 1747 justitiam
1348 1674 1371 1721 a
1394 1648 1477 1723 Deo
1496 1649 1590 1748 juste
1608 1649 1763 1749 inspirati
1788 1650 2095 1751 apprehenderant

639 1773 778 1847 facilius
794 1784 1012 1845 mererentur
1029 1771 1203 1870 accipere.

692 1892 775 1966 Post
797 1890 1001 1965 occubitum
1024 1915 1108 1964 vero
1136 1890 1290 1964 Simonis
1313 1889 1350 1964 in
1370 1902 1521 1965 mortem
1544 1891 1745 1989 pretiosam,
1772 1892 1899 1966 iratres
1924 1891 2095 1978 Minores,

640 2037 730 2113 quos
746 2013 820 2111 ipse
837 2011 1009 2086 dilexerat
1032 2012 1194 2112 religioso
1212 2035 1322 2095 more,
1341 2011 1403 2111 qui
1420 2023 1458 2085 et
1475 2009 1536 2111 ipfi
1561 2011 1689 2086 conscii
1715 2013 1858 2086 luerunt
1882 2013 2095 2088 conscientie

641 2134 717 2233 ejus
743 2133 778 2206 in
805 2132 974 2231 plurimis,
1001 2132 1187 2207 materiam
1211 2130 1382 2230 loquendi
1408 2132 1585 2207 sumentes
1608 2132 1654 2206 de
1677 2133 1750 2206 vita
1772 2133 1862 2233 ejus,
1886 2158 1931 2208 ex
1953 2135 2095 2234 optimis

641 2254 748 2355 gellis
765 2255 842 2354 ejus
859 2252 1099 2327 venerandam
1117 2252 1162 2328 de
1181 2252 1240 2326 illo
1265 2250 1452 2326 ediderunt
1469 2251 1671 2351 hystoriam,
1690 2253 1821 2352 scilicet
1837 2253 2025 2340 lectiones,
2043 2281 2095 2330 re·

640 2375 829 2474 sponsoria,
847 2375 976 2457 versus,
995 2372 1176 2472 hymnum,
1195 2383 1231 2446 et
1255 2372 1326 2446 alia
1343 2397 1415 2473 que
1432 2373 1609 2471 pertinent
1627 2373 1673 2446 ad
1691 2373 1801 2448 decus
1819 2375 1923 2453 unius
1945 2376 2096 2450 martiris

641 2508 677 2570 et
700 2495 887 2580 bonorem;
910 2520 981 2593 que
1005 2493 1089 2567 dum
1109 2493 1305 2568 Edwardus
1328 2493 1493 2592 superest,
1515 2493 1743 2592 solempnem,
1767 2506 1806 2568 ut
1830 2496 1998 2594 speratur,
2024 2520 2094 2571 non

640 2614 850 2690 obtinebunt
868 2615 903 2688 in
922 2613 1069 2688 ecclelia
1088 2614 1159 2688 Dei
1176 2612 1494 2688 decantationem*¹

693 2734 788 2809 Huic
805 2735 929 2809 saneto
946 2734 1019 2807 viro
1037 2733 1195 2808 nonnulli
1209 2734 1270 2834 qui
1285 2733 1512 2808 detraxerunt
1530 2734 1772 2834 postmortem
1789 2737 1867 2835 ejus
1884 2736 2094 2838 ignominio-

641 2858 714 2930 sam
738 2866 887 2928 mortem
911 2854 1026 2928 subire
1048 2866 1269 2939 meruerunt;
1295 2864 1446 2952 quorum
1464 2880 1555 2930 unus
1573 2868 1649 2929 erat
1672 2857 1864 2931 canonicus
1881 2857 2028 2957 quidam
2045 2856 2091 2931 de

642 2975 812 3060 Alnewic‚
830 2974 891 3074 qui
909 2974 1095 3075 postquam
1112 2975 1216 3049 nimis
1234 2975 1406 3073 superflue
1425 3000 1496 3048 uno
1514 2975 1572 3049 die
1586 2977 1823 3076 derogaverat
1840 2977 1986 3064 Simoni,
2004 3003 2093 3052 non·

641 3094 726 3169 dum
744 3096 838 3170 enim
861 3106 1006 3169 venerat
1031 3119 1096 3194 pes
1119 3095 1196 3194 ejus
1221 3095 1267 3168 ed
1285 3095 1431 3169 domum
1454 3097 1563 3181 illam,
1585 3096 1621 3169 in
1640 3096 1790 3173 crastino
1813 3097 1905 3172 illius
1923 3098 1992 3173 diei
2011 3124 2092 3173 cum

641 3215 812 3307 debuisset
830 3218 970 3316 surgere
989 3213 1034 3288 de
1052 3215 1147 3289 lecto
1165 3216 1239 3300 suo,
1253 3215 1389 3289 nullum
1406 3216 1549 3290 oculum
1566 3217 1699 3290 invenit
1716 3217 1752 3291 in
1770 3218 1963 3294 maledieto
1976 3221 2094 3320 capite

641 3339 719 3422 suo;
737 3337 913 3436 pejeraret
931 3336 1025 3410 enim
1042 3335 1154 3434 pridie
1172 3359 1234 3435 per
1252 3336 1375 3410 oculos
1390 3336 1461 3411 Dei
1479 3337 1576 3436 quod
1599 3336 1722 3411 Simon
1740 3338 1808 3412 suit
1825 3337 1983 3439 proditor
2000 3342 2094 3442 regis

643 3458 776 3559 Anglie
793 3469 829 3531 et
854 3481 1040 3557 procerum
1058 3457 1223 3541 'suorum3
1249 3467 1284 3529 et
1309 3454 1404 3542 ideo,
1430 3482 1497 3531 nec
1523 3457 1662 3542 mirum,
1681 3458 1888 3534 ceciderunt
1905 3461 1999 3537 oculi
2016 3461 2094 3561 ejus

640 3604 703 3678 per
721 3580 756 3652 se
774 3578 819 3652 de
837 3578 954 3676 capite
969 3577 1058 3676 ejus,
1077 3576 1196 3650 divina
1213 3577 1347 3651 ultione
1364 3577 1545 3675 plectente
1559 3603 1641 3652 eum
1659 3588 1803 3677 propter
1820 3579 2014 3656 Simonem.
2052 3581 2094 3655 ln

640 3700 720 3774 loco
737 3724 820 3773 vero
838 3698 1018 3797 utriusque
1036 3697 1129 3771 oculi
1148 3696 1392 3771 inveniebatur
1409 3697 1556 3773 suffollio
1580 3698 1756 3798 profunda
1774 3711 1811 3774 et
1828 3700 2013 3787 horribilis,
2031 3704 2093 3801 qui

640 3820 767 3894 eodem
787 3819 844 3893 die
862 3819 976 3893 subito
994 3816 1093 3891 obiit.
2125 3835 2172 3891 fol.
2183 3840 2229 3895 71.

692 3939 791 4014 Obiit
809 3938 991 4013 lohannes
1009 3938 1194 4037 episcopus
1213 3937 1497 4038 Glasguenfisin
1518 3937 1681 4025 Francia,
1701 3940 1796 4040 apud
1817 3942 1993 4017 Meldam¹
2009 3944 2092 4017 civi·

640 4073 763 4142 tatem,
789 4060 823 4132 in
841 4084 913 4158 qua
931 4058 1143 4158 sepelitur3m
1164 4059 1244 4132 loco
1267 4059 1368 4157 cujus
1392 4059 1533 4156 eligitur
1554 4059 1755 4136 Willelmus
1776 4061 1936 4137 Wiscard
1953 4064 2092 4139 cancel÷

640 4180 747 4254 larius
764 4179 875 4277 regis3
893 4179 954 4276 qui
972 4203 1052 4252 cum
1071 4177 1155 4253 esset
1173 4177 1321 4262 eledtus,
1339 4191 1478 4253 mortuo
1499 4179 1690 4255 Gamelino
1708 4181 1870 4281 episcopo
1889 4183 2000 4257 sancti
2017 4183 2091 4257 An·

640 4301 735 4384 dree,
754 4298 891 4372 ereans
914 4297 1032 4371 estad
1058 4297 1276 4396 pontificium
1302 4298 1459 4397 ejusdem
1485 4301 1609 4375 lancti.
1663 4300 1711 4375 Et
1731 4300 1907 4377 Robertus
1928 4303 2092 4379 Wiscard

639 4445 750 4518 nepos
764 4420 852 4517 ejus,
868 4418 1136 4492 archidiaconus
1150 4417 1346 4504 Laodonie,
1360 4420 1480 4495 sactus
1494 4420 1546 4493 est
1558 4420 1696 4496 elesius
1709 4420 1948 4522 Glalguenfis,
1961 4421 2092 4499 deinde

603 4538 606 4545 ’
640 4541 675 4614 in
694 4541 897 4640 episcopum
915 4539 1148 4612 consecratur.

686 4695 696 4725 ¹
720 4698 752 4747 ln
765 4693 812 4747 the
824 4693 921 4762 margin
934 4692 966 4746 os
972 4692 1019 4746 the
1032 4691 1138 4761 original
1151 4692 1319 4763 manuscript,
1331 4694 1451 4756 another,
1461 4695 1509 4748 but
1528 4712 1562 4748 an
1575 4694 1646 4766 early
1655 4695 1727 4749 hand
1739 4695 1788 4749 has
1797 4697 1902 4751 written
1910 4697 1955 4751 tbe
1965 4697 2097 4767 following

638 4791 709 4842 note,
733 4779 863 4833 “Fratres
880 4777 996 4832 Minores
1016 4777 1202 4847 [chripserunt
1220 4777 1386 4848 [l]itturgiam
1401 4779 1513 4833 Simonis
1528 4779 1561 4833 de
1577 4779 1671 4833 Monte
1685 4779 1786 4833 Forti.”
1826 4782 1850 4835 Δ
1869 4780 1950 4852 hymn
1968 4783 1995 4835 in
2013 4782 2097 4837 bonor

638 4863 776 4934 “symon
789 4864 811 4916 i
824 4860 1283 5015 indiivciiiidxMeiiddsiidad
1297 4860 1342 4916 M
1359 4865 1419 4916 Μ’
1583 4945 1602 4969 ¹·
1618 4946 1783 5000 mnsam
1804 4947 1821 5000 u
1844 4952 1894 5002 roe
