4716 6428
315 720 416 796 nn.
440 693 546 795 1255.¹
677 716 996 794 cnaouron
1029 716 1105 791 nn
1140 716 1429 793 unruaos.
1700 727 1764 794 rar

312 961 356 1009 ex
376 937 486 1010 altera
504 947 604 1035 parte
623 945 735 1017 erant,
754 934 880 1008 armati
901 931 1096 1007 Castellum
1116 932 1325 1007 Puellarum.
1341 936 1511 1009 intrantes
1532 947 1568 1009 et
1591 947 1766 1036 quotquot

312 1073 357 1121 ex
375 1049 469 1148 regis
481 1048 617 1122 familia
638 1058 739 1121 erant
757 1045 993 1146 e[j]ioientes,
1011 1046 1124 1143 ipsum
1141 1046 1323 1119 dominum
1342 1048 1440 1120 suum
1459 1072 1581 1147 regem
1599 1058 1768 1145 ceperunt

312 1181 348 1241 et
367 1194 410 1240 ex
428 1169 497 1243 suis
515 1168 659 1243 armatis
685 1166 867 1242 castellum
891 1166 1105 1250 munierunt,
1124 1166 1335 1240 mandantes
1361 1167 1487 1242 ceteris
1512 1168 1582 1241 suis
1607 1168 1708 1242 sociis
1729 1179 1767 1240 ut
1862 1262 1865 1268 ξ

312 1289 363 1363 eis
391 1289 427 1361 in
457 1289 628 1362 auxilium
655 1288 701 1362 ad
725 1286 975 1362 deducendum
999 1311 1121 1386 regem
1148 1312 1220 1385 quo
1245 1287 1376 1361 vellent
1402 1299 1644 1386 propararent,
1671 1287 1767 1387 quod

310 1408 560 1508 promptissime
577 1410 751 1483 fecerunt.
789 1406 995 1482 Advenerat
1012 1408 1107 1481 enim
1125 1408 1176 1481 eis
1193 1408 1229 1480 in
1248 1408 1418 1482 auxilium
1435 1408 1480 1482 de
1497 1407 1630 1509 Anglia
1648 1433 1768 1482 comes

313 1529 592 1604 Claudiocestrie
610 1529 726 1604 dictus
741 1528 805 1603 V.u
822 1528 868 1602 de
888 1528 1008 1614 Clara,
1026 1553 1089 1627 per
1107 1528 1208 1626 cujus
1226 1527 1405 1602 confilium
1431 1528 1640 1627 praedislam
1652 1528 1768 1627 prodi·

310 1651 444 1725 tionem
461 1661 751 1751 perpetraverant
769 1674 851 1723 cum
869 1660 1006 1723 armata
1023 1673 1148 1732 manu3
1174 1648 1235 1723 sed
1253 1660 1289 1722 et
1312 1674 1374 1722 rex
1394 1649 1527 1748 Anglie
1545 1674 1627 1723 eum
1643 1650 1767 1749 seque·

311 1770 414 1845 batur
432 1797 514 1846 cum
531 1773 594 1846 sua
618 1770 809 1870 conjuge.w
863 1768 1028 1867 Cumque
1055 1766 1238 1842 consiliarii
1263 1779 1299 1842 et
1320 1780 1454 1843 tutores
1479 1771 1573 1870 regis
1595 1768 1767 1844 audissent

311 1917 433 1992 regem
452 1903 609 1992 captum,
628 1889 829 1965 vehementi
847 1888 969 1963 dolore
993 1888 1113 1962 assessi
1133 1899 1168 1963 et
1192 1888 1236 1963 de
1254 1899 1355 1963 tanta
1375 1889 1574 1990 proditione
1592 1890 1767 1975 admirati,

309 2011 506 2087 statuerunt
524 2012 718 2086 exercitum
736 2011 895 2084 adunare
913 2021 950 2083 et
967 2010 1000 2082 ei
1019 2010 1217 2082 succursum
1235 2008 1409 2109 praebere3
1436 2010 1532 2110 quod
1551 2010 1767 2085 adversarios

310 2157 434 2207 eorum
452 2133 597 2206 minime
615 2132 730 2206 latuit.
785 2129 835 2204 Et
852 2129 926 2204 idio
944 2153 1067 2228 regem
1085 2154 1167 2204 cum
1192 2155 1302 2204 manu
1318 2130 1435 2204 valida
1453 2134 1566 2231 usqua
1582 2131 1627 2205 ad
1648 2130 1766 2206 Roke-

310 2252 422 2326 burch
441 2251 676 2337 deduxerunt,
695 2263 732 2326 et
750 2250 932 2325 castellum
959 2249 1179 2324 introeuntes
1197 2275 1241 2325 ex
1258 2252 1327 2325 suis
1351 2251 1546 2325 statuerunt
1564 2253 1625 2350 qui
1643 2251 1690 2326 ad
1707 2277 1766 2334 vo·¹

309 2372 484 2447 luntatem
502 2398 624 2446 eorum
641 2372 725 2446 illuc
742 2370 968 2446 custodirent.
1007 2369 1074 2470 Ipsi
1091 2396 1174 2445 vero
1188 2369 1336 2445 assumto
1354 2397 1439 2472 rege
1457 2385 1493 2446 et
1506 2373 1631 2472 regina
1648 2374 1766 2446 secum

310 2493 543 2568 obviaverunt
560 2494 636 2594 regi
652 2491 794 2598 Anglie¹
805 2492 901 2593 apud
922 2491 1108 2577 Werche,l
1121 2505 1157 2566 et
1173 2492 1353 2567 locutione
1366 2492 1624 2592 aliquantulum
1636 2494 1765 2566 amica-

309 2613 424 2688 biliter
442 2613 669 2714 praegustata,
692 2639 754 2688 rex
778 2613 923 2713 quidem
945 2612 1072 2686 Scocie
1090 2612 1218 2686 eadem
1240 2613 1444 2712 repatriavit
1465 2612 1535 2697 die,
1557 2612 1617 2686 sed
1643 2614 1766 2712 regina

309 2736 386 2834 ejus
404 2734 537 2809 ibidem
555 2732 721 2809 remansit
738 2759 821 2808 cum
838 2746 951 2807 matre
969 2733 1042 2807 sua.
1096 2731 1195 2807 Nam
1212 2758 1273 2806 rex
1289 2731 1422 2833 Anglie
1440 2759 1462 2806 a
1480 2758 1564 2833 rege
1587 2733 1713 2807 Scocie
1730 2746 1766 2808 et

306 2855 386 2954 ejus
399 2854 602 2930 consiliariis
620 2855 789 2929 invitatus
804 2852 1020 2928 Rokeburch
1039 2853 1074 2927 in
1088 2853 1146 2927 die
1161 2852 1377 2928 assumtionis
1390 2852 1496 2928 beate
1512 2853 1629 2928 Marie
1648 2853 1764 2954 [Aug.

313 2975 374 3074 15]
400 2976 553 3061 intravit,
572 2976 629 3051 cui
648 2999 837 3049 occurrens
855 2999 916 3049 rex
937 2972 1058 3048 Scotie
1083 2999 1165 3047 eum
1184 2999 1265 3048 cum
1283 2974 1419 3074 ingenti
1445 2973 1579 3074 gaudio
1605 2976 1765 3073 suscepit,

309 3108 444 3170 etcum
460 3120 594 3196 magna
617 3093 833 3196 processione
850 3095 887 3168 in
905 3094 1053 3170 ecclesia
1070 3094 1115 3168 de
1136 3094 1300 3168 Kalchou
1326 3094 1533 3179 introduxit,
1557 3094 1617 3176 ubi
1643 3094 1766 3168 habita

307 3216 488 3290 locutione
512 3215 774 3320 commendavit
800 3240 923 3316 regem
951 3228 988 3289 et
1013 3215 1197 3316 regionem
1224 3215 1344 3289 comiti
1372 3215 1417 3288 de
1443 3214 1597 3288 Dunbar
1625 3230 1660 3288 et
1688 3216 1765 3314 ejus

311 3335 553 3434 complicibus,
575 3335 675 3412 etsie
699 3336 778 3437 post
803 3336 1037 3410 refestionem
1058 3334 1216 3436 regalem
1242 3335 1455 3434 repatriavit,
1480 3335 1624 3409 moleste
1647 3337 1765 3411 serens

311 3454 409 3555 quod
426 3457 612 3556 episcopus
628 3455 868 3559 Glasguensis,
886 3468 923 3531 et
940 3456 1078 3532 electus
1095 3456 1208 3531 sancti
1228 3454 1386 3540 Andree,
1404 3455 1465 3530 sed
1483 3468 1518 3530 et
1537 3454 1583 3529 V.
1605 3454 1765 3541 Cuminff

311 3576 429 3650 distas
447 3601 567 3651 comes
584 3576 629 3652 de
648 3576 851 3662 Maneteth,
877 3601 959 3652 cum
982 3577 1109 3651 ceteris
1132 3575 1359 3676 magnatibus
1377 3588 1479 3661 terre,
1497 3576 1685 3649 noluerunt
1703 3601 1764 3675 ap·

226 3694 230 3706 ’
310 3721 442 3796 ponere
469 3695 582 3797 sigilla
609 3698 671 3772 sua
695 3697 741 3772 ad
769 3697 951 3799 quoddam
978 3695 1261 3772 nefandissimum
1289 3697 1454 3797 scriptum
1480 3695 1577 3796 quod
1602 3696 1763 3793 praeditti

310 3819 566 3918 conspiratores
583 3819 744 3894 secerant
761 3830 798 3894 et
814 3817 934 3919 sigillis
952 3817 1021 3893 suis
1038 3818 1250 3902 munierant,
1268 3819 1305 3891 in
1323 3842 1394 3917 quo
1412 3817 1524 3890 multa
1543 3816 1589 3890 ad
1607 3815 1763 3890 dedecus

307 3939 402 4039 regis
421 3952 457 4014 et
475 3940 577 4039 regni
595 3940 781 4040 provenire
798 3950 975 4039 poterant,
993 3939 1276 4012 continebantur.

357 4057 498 4134 Eodem
516 4084 622 4144 anno,
636 4059 673 4133 in
691 4059 749 4134 die
767 4059 881 4133 sensti
903 4057 1075 4159 Stephani
1097 4058 1205 4158 [Dec.
1218 4058 1298 4158 26],
1317 4083 1388 4158 que
1405 4069 1490 4132 tunc
1508 4058 1686 4132 dominica
1703 4058 1764 4130 ha-

307 4179 469 4266 bebatur,
487 4179 655 4280 magister
675 4179 889 4255 Gamelinus
906 4180 941 4254 in
961 4181 1164 4281 episcopum
1182 4179 1294 4254 sansli
1315 4177 1459 4253 Andree
1484 4179 1520 4252 in
1537 4178 1620 4253 sede
1637 4179 1699 4252 sua
1717 4178 1763 4252 ab

310 4298 494 4375 Willelmo
521 4301 688 4401 episcopo
719 4299 930 4401 Glasguensi
956 4301 1191 4385 consecratur,
1217 4300 1301 4373 licet
1327 4298 1512 4374 confiliarii
1539 4300 1634 4399 regis
1660 4298 1763 4373 miffis

308 4421 446 4494 nunciis
472 4419 710 4520 prohiberent.
767 4420 1003 4497 consecratus
1029 4422 1080 4496 est
1103 4422 1214 4496 etiam
1240 4421 1403 4495 dominus
1422 4418 1600 4494 Henricus
1626 4420 1763 4494 elestus

344 4683 357 4706 ¹¹
374 4684 445 4739 Such
457 4701 567 4757 appears
578 4696 607 4742 to
618 4688 653 4741 be
665 4687 712 4741 the
724 4687 830 4758 reading
848 4687 879 4742 os
893 4686 939 4741 the
951 4688 1120 4757 manuscript,
1134 4689 1183 4741 but
1190 4686 1237 4741 the
1249 4704 1326 4741 name
1335 4685 1368 4740 os
1375 4685 1421 4740 the
1433 4685 1487 4741 carl
1498 4685 1530 4740 os
1540 4685 1697 4740 Glouceater
1709 4703 1763 4738 was

308 4766 430 4822 Richard.
469 4770 557 4841 Dugd.
571 4772 668 4835 Boron,
682 4772 700 4826 i.
720 4774 787 4833 alm
807 4789 852 4826 aee
870 4770 927 4825 alao
946 4773 1018 4825 Μ.
1032 4773 1050 4824 i.
1071 4775 1131 4824 325.
1177 4772 1314 4844 Wyntown.
1334 4771 1351 4823 i.
1363 4774 1423 4833 384,
1438 4771 1460 4823 ia
1473 4780 1572 4824 correct
1589 4770 1617 4822 iu
1629 4766 1691 4820 thua
1704 4785 1762 4837 par-

305 4851 405 4906 ticular.
434 4873 437 4881 ·
532 4851 550 4875 '
564 4855 635 4910 Foed.
649 4856 667 4909 i.
683 4858 749 4917 3273
764 4855 809 4910 M.
825 4857 910 4919 Paria,
926 4873 970 4927 pp.
985 4859 1047 4919 609,
1062 4858 1124 4916 610,
1139 4856 1200 4908 oll.
1311 4853 1323 4876 ¹
1338 4856 1410 4908 Foed.
1424 4855 1441 4906 i.
1454 4855 1514 4912 327.
1632 4849 1644 4882 ’
1660 4850 1763 4906 Walter

307 4937 410 5000 Cumin,
426 4937 496 5003 rrho,
513 4938 538 4997 ln
549 4939 617 5012 right
628 4938 660 4996 os
668 4939 708 4995 bia
722 4939 789 5004 vise,
804 4958 858 4995 naa
871 4939 925 4995 earl
936 4939 968 4994 os
979 4939 1110 4996 Mentetb.
1131 4940 1257 5010 Douglaa,
1271 4939 1297 4992 ii.
1312 4941 1377 5000 223,
1397 4955 1441 4991 aee
1454 4937 1509 4992 also
1523 4937 1637 4999 Fordun,
1652 4935 1677 4989 ii.
1692 4939 1736 4989 90.
