4716 6428
397 727 494 802 Α.Ι).
525 730 608 809 749.
751 723 1069 798 CHRONICA
1103 722 1179 798 DE
1214 723 1499 799 MAILROS.
1823 735 1846 801 5

441 934 581 1008 Eodem
605 957 699 1006 anno
720 931 915 1006 Elswaldus
938 957 999 1005 rex
1020 929 1273 1030 Estanglonun
1289 929 1390 1015 obiit,
1408 955 1631 1029 regnumque
1649 931 1712 1005 srbi
1732 931 1845 1008 Hum-

391 1053 513 1129 bearnh
531 1067 567 1127 et
586 1052 757 1127 Albertus
776 1053 977 1126 diviserunt.

385 1228 389 1235 -
441 1172 523 1247 Hoc
553 1173 662 1247 etiam
698 1198 793 1247 anno
821 1171 968 1246 Kenrici
997 1173 1089 1247 filius
1119 1169 1277 1246 Cudredi
1309 1173 1403 1273 regis
1432 1171 1718 1258 Westsaxonum,
1746 1177 1848 1248 annis

390 1318 518 1392 parvus
536 1294 595 1367 sed
614 1296 737 1392 vigore
755 1319 920 1393 magnus
939 1293 1075 1366 occisus
1093 1291 1145 1366 est
1162 1293 1198 1365 in
1217 1318 1340 1393 pugna
1357 1292 1511 1366 militari.

440 1413 549 1487 Anno
574 1414 700 1488 ncc⁰.l⁰
728 1412 968 1487 Adelbertusk
988 1438 1049 1487 rex
1068 1411 1335 1487 Northumbriae
1356 1411 1562 1486 Kiniwlsum
1582 1413 1847 1489 Lindisfamen-

391 1535 461 1607 sem
479 1534 685 1633 episcopum
704 1535 739 1606 in
759 1533 884 1606 urbem
904 1532 1055 1606 Bebban
1074 1533 1254 1632 captivum
1281 1532 1394 1617 duxit,
1422 1532 1675 1632 basilicamque
1696 1532 1793 1608 Petri
1811 1535 1847 1606 in

393 1652 639 1727 Lindissamea
657 1654 743 1727 fecit
761 1652 922 1727 obfideri.

442 1772 655 1847 Cudhredus
667 1783 791 1847 contra
810 1773 855 1845 ad
867 1773 1119 1847 debellandum
1131 1772 1322 1872 superbum
1340 1772 1478 1873 regem¹
1490 1773 1639 1847 Merciae
1653 1774 1846 1848 dimicavit.

441 1891 577 1966 Alwich
596 1893 782 1991 episcopus
801 1892 900 1976 obiit,
920 1893 977 1965 cui
998 1891 1167 1965 Aldulsus
1185 1892 1354 1966 successit.

442 2011 549 2085 Anno
568 2013 725 2109 ncc⁰.l⁰j⁰
746 2011 935 2085 Cudredus
953 2037 1014 2085 rex
1032 2023 1157 2084 eontra
1170 2010 1338 2084 Adeldun
1350 2011 1451 2084 suum
1469 2012 1648 2086 consulem
1667 2013 1848 2087 audaciffi·

393 2156 487 2205 mum
505 2134 691 2233 pugnavit,
718 2133 780 2231 qui
798 2132 1007 2205 seditionem
1033 2141 1193 2203 moverat
1219 2141 1343 2202 contra
1361 2154 1455 2202 eum.
1511 2130 1581 2203 Cui
1606 2132 1739 2205 consuli
1766 2156 1849 2205 cum

271 2270 321 2324 fot.
335 2273 360 2323 2.
389 2252 463 2349 jam
481 2277 573 2351 pene
591 2252 741 2326 vidtoria
759 2251 971 2351 contigisset,
997 2250 1143 2323 tandem
1163 2262 1311 2348 accepto
1331 2249 1475 2323 vulnere
1497 2250 1630 2347 justam
1652 2251 1747 2350 regis
1766 2276 1849 2325 cau·

395 2373 464 2445 sam
483 2372 699 2470 triumphare
718 2372 883 2472 permisit.

444 2492 551 2565 Anno
569 2493 751 2591 occ⁰.l⁰.ij⁰
769 2491 905 2592 eclipsis
923 2492 1017 2565 lunae
1034 2492 1135 2565 facta
1148 2491 1199 2565 est
1216 2491 1329 2591 pridie
1347 2491 1418 2563 kal.
1440 2490 1609 2591 Augusti¹
1630 2490 1717 2588 [Jul.
1738 2493 1816 2591 3l.]

443 2612 551 2686 Anno
570 2612 760 2711 ncc⁰.l⁰.iij.
779 2612 967 2687 Cudredus
980 2638 1054 2696 reri,
1069 2636 1151 2685 cum
1165 2611 1335 2710 praedicto
1347 2610 1492 2684 consule
1508 2609 1699 2685 Adeldune
1712 2609 1773 2684 fibi
1787 2636 1849 2709 pa-

396 2731 545 2817 cificato,
565 2734 717 2806 occurrit
736 2734 831 2832 apud
852 2732 1056 2806 Beresordm
1068 2731 1218 2831 superbo
1237 2732 1312 2832 regi
1333 2730 1551 2804 Marciorum
1572 2730 1776 2805 Adelbaldo
1788 2732 1850 2828 qui

398 2851 670 2927 Cantuarienses
696 2877 778 2926 cum
806 2852 1063 2927 Mercienfibus
1090 2852 1299 2936 adduxerat,
1326 2876 1468 2925 necnon
1486 2863 1522 2923 et
1549 2851 1747 2924 orientales
1762 2851 1851 2922 Sax-

397 2998 480 3046 ones
497 2985 534 3046 et
554 2973 715 3074 Anglos;
734 2997 888 3072 cumque
906 2975 1059 3046 invicem
1085 2984 1319 3071 pugnaretur,
1340 2969 1441 3045 Deus
1460 2971 1521 3069 qui
1539 2970 1698 3069 superbis
1716 2968 1849 3052 resistit,

396 3092 638 3167 fortitudinem
658 3092 851 3166 Adelbaldi
869 3092 1053 3192 dissipavit.

444 3211 552 3285 Anno
570 3213 772 3312 ncc⁰.l⁰.iiij.
802 3212 1011 3286 Bonisacius
1029 3212 1090 3310 qui
1109 3223 1144 3284 et
1166 3211 1366 3285 Winsridus
1388 3210 1672 3310 archiepiscopus
1693 3208 1848 3283 Franco·

399 3355 470 3404 rum
488 3333 657 3430 martyrio
675 3345 866 3405 coronatus
885 3332 936 3406 est
950 3356 1031 3406 cum
1050 3357 1084 3403 n.
1104 3331 1228 3403 tribus.

444 3450 586 3525 Eodem
604 3477 698 3525 anno
720 3451 909 3525 Cudredus
927 3476 989 3524 rex
1016 3450 1190 3549 pugnavit
1208 3460 1332 3522 contra
1351 3447 1555 3531 Britannos,
1581 3460 1617 3521 et
1635 3473 1679 3521 ex
1697 3450 1748 3522 eis
1766 3445 1849 3519 stra-

398 3596 476 3670 gem
494 3596 664 3671 magnam
683 3572 781 3645 fecit.

445 3690 553 3764 Anno
579 3691 756 3764 occ⁰.l⁰.v⁰
777 3690 966 3765 Cudredus
984 3689 1083 3775 obiit,
1102 3702 1138 3765 et
1156 3713 1307 3790 regnum
1328 3688 1518 3789 Sigeberto
1537 3698 1693 3787 cognato
1711 3688 1774 3761 suo
1796 3712 1849 3761 re·

398 3810 507 3909 liquit.

444 3930 553 4005 Anno
582 3932 773 4030 ncc⁰.l⁰.vj⁰
794 3931 1003 4031 Sigebertus
1022 3958 1082 4005 rex
1104 3917 1390 4015 Westsaxonum,
1417 3954 1498 4003 cum
1520 3929 1711 4002 insolenter
1738 3954 1850 4028 agens

397 4049 624 4123 intolerabilis
641 4051 737 4134 esset,
757 4077 778 4123 a
796 4076 907 4151 regno
925 4052 1090 4150 expulsus
1108 4049 1179 4136 est3
1199 4052 1260 4150 qui
1278 4050 1421 4149 fugiens
1441 4048 1624 4121 abscondit
1642 4047 1678 4121 se
1696 4049 1732 4120 in
1750 4046 1846 4130 silva,

398 4194 474 4267 quae
497 4182 643 4243 vocatur
669 4169 975 4254 Andredeswald,¹¹
1001 4171 1062 4244 ubi
1085 4171 1249 4244 inventus
1274 4196 1295 4241 a
1321 4169 1478 4266 quodam
1502 4168 1664 4266 porcario
1688 4168 1852 4240 interfec-

430 4367 634 4422 ⁶Hunbcunna
666 4371 692 4420 S.
703 4370 824 4422 Dunelm.
836 4369 886 4423 col.
900 4373 959 4422 104.
1093 4370 1160 4439 ¹Cs.
1175 4370 1236 4422 Soc.
1258 4368 1420 4420 Chromann.
1435 4366 1569 4428 tram.
1679 4364 1856 4418 kEadberht:

398 4453 422 4503 S.
436 4452 558 4505 Dunelm.
573 4452 623 4505 col.
641 4455 699 4514 104,
713 4455 753 4506 10.
829 4452 1005 4506 ¹Athelbald.
1045 4454 1106 4506 Sos.
1128 4453 1217 4506 chron.
1291 4449 1311 4483 ¹¹
1329 4450 1372 4503 An
1386 4449 1483 4519 eclipse
1496 4447 1528 4502 os
1541 4448 1588 4501 the
1606 4464 1686 4500 moon
1699 4447 1765 4501 took
1777 4447 1851 4517 place

396 4534 558 4605 unus-past
571 4553 631 4597 one,
647 4554 681 4589 on
695 4535 741 4589 the
754 4537 873 4606 morning
886 4536 918 4590 os
930 4537 977 4590 the
997 4540 1057 4590 3lst
1069 4536 1101 4590 os
1115 4536 1185 4606 July.
1225 4534 1316 4596 L'Ars,
1331 4534 1348 4586 i.
1364 4536 1425 4591 317.
1535 4530 1555 4555 ”¹
1569 4534 1630 4585 Soa.
1648 4533 1738 4585 Cliton.
1755 4531 1855 4599 Beorga

396 4614 474 4680 forda,
491 4619 680 4680 Beorlr-sorda5
696 4620 766 4672 Mat.
789 4623 886 4674 Westm.
909 4620 1064 4681 Boot-sord;
1085 4621 1157 4673 Mor.
1179 4621 1258 4673 Worc.
1281 4616 1468 4677 Beorht-sord;
1489 4634 1551 4669 now
1565 4614 1677 4668 Bursord
1689 4615 1717 4667 in
1738 4612 1851 4666 Oxsord·

397 4698 471 4753 shire.
582 4702 594 4725 ¹¹
611 4703 820 4757 Andrcdeswald
833 4722 917 4758 sccms
930 4714 959 4758 to
972 4704 1041 4757 have
1053 4705 1122 4757 been
1135 4721 1151 4756 a
1162 4702 1232 4772 large
1245 4702 1331 4763 wood,
1347 4700 1462 4754 situatcd
1474 4701 1501 4753 in
1517 4700 1589 4753 Keut
1601 4699 1654 4752 and
1669 4698 1784 4753 Sussex;
1804 4694 1850 4746 de-

397 4785 494 4838 scribed
506 4786 532 4838 in
546 4785 592 4840 the
607 4790 668 4840 Sos.
690 4789 779 4841 Chroo.
794 4807 822 4842 as
836 4790 913 4857 being
927 4793 978 4842 120
991 4788 1072 4850 miles,
1094 4798 1121 4841 at
1139 4787 1186 4840 the
1198 4786 1274 4848 least,
1294 4784 1361 4839 from
1374 4795 1431 4839 east
1444 4795 1472 4838 to
1485 4795 1559 4847 west,
1581 4784 1633 4838 and
1647 4787 1682 4835 30
1694 4780 1768 4833 miles
1781 4777 1848 4831 srom

397 4868 472 4921 north
484 4879 513 4922 to
526 4871 614 4924 south.
656 4871 680 4923 lt
692 4873 812 4926 received
825 4873 857 4926 its
871 4891 948 4926 name
960 4872 1027 4926 srom
1039 4872 1086 4925 tlre
1099 4873 1160 4925 urbs
1177 4870 1310 4925 Anderidu
1323 4869 1354 4924 os
1362 4869 1408 4925 the
1423 4869 1551 4923 Romans.
