4716 6428
329 696 429 773 ho.
454 702 561 781 1174.
692 694 1013 772 CHRONICA
1046 698 1123 773 DE
1158 696 1450 775 MAILROS.
1743 714 1791 793 87

374 907 553 985 Henricus
576 934 639 983 rex
667 907 801 1009 Anglie
824 912 937 985 senior
959 912 1049 985 inter
1076 912 1144 985 hec
1172 914 1328 986 tonitrua
1349 913 1520 1012 Angliam
1548 917 1656 1001 venit,
1679 920 1785 993 corde

321 1032 571 1131 compunctus,
590 1031 709 1104 animo
727 1032 911 1116 contritus,
932 1031 1045 1106 laneis
1067 1033 1222 1118 indutus,
1242 1046 1278 1107 et
1302 1034 1454 1132 pedibus
1474 1036 1579 1111 nudis
1605 1037 1786 1124 incedem,

320 1177 402 1226 cum
414 1152 602 1225 numerosa
613 1151 801 1251 praesulum
812 1166 848 1227 et
861 1178 1048 1251 procerum
1061 1153 1298 1239 multitudine,
1310 1155 1509 1254 sepulcrum
1527 1156 1623 1231 beati
1644 1158 1786 1233 Thome

323 1270 517 1346 Cantuarie
536 1272 657 1371 inipso
676 1273 776 1371 regni
795 1272 947 1372 ingressu
966 1298 1038 1372 quo
1057 1275 1166 1348 cicius
1183 1275 1299 1372 potuit
1317 1275 1441 1360 invifit,
1460 1288 1690 1374 peccatorum
1708 1280 1785 1353 suo-

320 1417 396 1467 rum
413 1392 589 1492 penitens,
609 1404 645 1465 et
662 1417 790 1491 pacem
807 1394 1013 1493 deposcens.

369 1512 481 1587 Mane
504 1513 600 1587 enim
622 1512 746 1587 sablo?
771 1513 974 1588 Willelmus
992 1539 1053 1587 rex
1076 1514 1280 1588 Scottorum
1306 1517 1401 1614 apud
1428 1516 1610 1592 lllneuicq
1633 1521 1782 1618 capitur,

319 1634 418 1707 etad
438 1632 665 1708 Richemund
684 1659 765 1708 cum
782 1660 920 1709 merore
938 1634 1089 1719 ducitur,
1109 1636 1192 1709 etin
1211 1636 1407 1710 custodiam
1425 1639 1471 1711 ad
1495 1650 1637 1738 tempus
1661 1640 1710 1714 ibi
1730 1667 1781 1715 re-

319 1767 479 1829 verenter
498 1756 705 1829 reservatur.
743 1754 936 1854 Postquam
955 1767 1075 1829 autom
1094 1757 1168 1855 regi
1185 1754 1319 1855 Anglie
1337 1782 1392 1832 rcs
1411 1759 1574 1844 innotuit,
1594 1760 1699 1859 ipsius
1718 1762 1780 1834 im·

317 1876 415 1974 perio
433 1876 470 1949 in
488 1874 750 1949 Normanniam
768 1877 1016 1974 transponitur,
1036 1887 1071 1948 et
1095 1877 1130 1949 in
1149 1877 1234 1949 turri
1253 1877 1298 1951 de
1318 1877 1467 1951 Faleisro
1492 1878 1676 1954 thesaurus
1694 1881 1779 1955 desr·

305 1994 482 2069 -derabilis
499 1996 688 2070 serrandus
707 1998 899 2094 reponitur.
954 1996 1078 2069 Dauid
1097 2022 1228 2081 comae,
1246 1998 1354 2071 frater
1373 1998 1449 2096 ejus
1463 2000 1593 2097 junior,
1613 2026 1694 2074 cum
1712 2002 1780 2075 hec

316 2106 542 2207 cognovisset,
563 2106 846 2207 Legrecestriam
860 2108 905 2181 de
919 2132 991 2206 qua
1002 2108 1188 2207 pugnabat
1205 2109 1374 2182 velociter
1392 2110 1545 2209 reliquit,
1560 2124 1596 2185 et
1610 2114 1681 2186 sese
1695 2139 1777 2186 cum

315 2227 395 2311 suis,
413 2240 453 2301 ut
470 2229 598 2328 potuit,
618 2230 653 2301 in
676 2229 840 2303 Scociam
859 2229 1059 2302 transtulit.r

366 2346 500 2423 Beatus
519 2348 735 2433 Bemardus,
763 2350 896 2448 primus
914 2348 1026 2421 abbas
1047 2348 1270 2433 Clareuallis
1298 2375 1319 2421 a
1337 2349 1481 2423 domino
1499 2377 1594 2450 papa
1614 2351 1770 2427 Alexan·

315 2468 377 2541 dro
395 2470 506 2543 tercio
524 2470 559 2543 in
574 2469 661 2543 urbe
677 2469 793 2543 Roma
807 2470 1045 2567 sollempniter
1063 2470 1311 2554 auctorizatur,
1326 2481 1362 2543 et
1380 2470 1415 2543 in
1434 2471 1625 2570 cathalogo
1642 2497 1776 2546 memo·

315 2590 401 2663 riam
419 2590 498 2689 ejus
516 2589 629 2675 scribi,
648 2590 862 2665 auctoritate
881 2589 1086 2688 apostolica,
1107 2589 1340 2663 constituitur.

364 2709 471 2784 Anno
489 2711 662 2785 mclxiv.
685 2710 887 2785 Willelmus
905 2735 966 2784 rex
989 2710 1124 2783 Scottie
1152 2736 1233 2783 cum
1257 2711 1327 2784 suis
1353 2711 1399 2783 de
1419 2711 1578 2784 custodia
1604 2712 1707 2786 rediit
1730 2713 1776 2787 ad

315 2832 399 2904 sua·
449 2830 652 2905 locelinust
668 2830 814 2904 ecclesie
836 2829 1094 2930 Glasguensrs²l
1114 2831 1252 2904 electus
1271 2856 1315 2903 cx
1332 2831 1502 2904 mandato
1521 2830 1654 2905 domini
1672 2858 1775 2932 papae

317 2950 509 3025 Alexandri
531 2952 581 3050 iij.
611 2953 646 3024 in
671 2952 875 3050 episcopum
904 2953 1128 3024 consecratus
1152 2950 1203 3025 est
1231 2978 1252 3024 a
1276 2951 1419 3024 domino
1445 2950 1566 3025 Eskilo
1595 2950 1775 3027 Lundenfi

314 3071 586 3173 archiepiscopo,
599 3072 690 3145 sedis
701 3071 892 3170 apostolice
906 3072 1028 3170 legato
1040 3083 1075 3143 et
1089 3072 1197 3144 totius
1211 3070 1330 3144 Dacie
1341 3072 1502 3169 primate,
1511 3072 1546 3144 in
1557 3072 1772 3148 Clararralle.

362 3190 583 3266 Laurencius
596 3191 792 3265 monachus
805 3192 933 3275 noster,
948 3190 1129 3290 quondam
1143 3190 1284 3287 abbas†
1299 3192 1334 3263 in
1349 3190 1517 3274 Orcadia,
1532 3190 1568 3288 ij.
1588 3191 1667 3264 idus
1682 3192 1772 3266 Maii

316 3310 420 3411 [Maij
440 3312 501 3411 14]
523 3313 661 3385 electus
687 3312 750 3397 est,
774 3312 866 3386 etin
888 3311 1037 3385 crastina
1059 3310 1116 3383 die
1136 3309 1344 3384 ascensronis
1364 3310 1512 3383 Domini
1535 3310 1642 3409 [Maij
1662 3312 1727 3410 21]
1749 3339 1770 3385 a

313 3430 472 3507 Jocelino
484 3433 649 3531 episcopo
664 3431 886 3532 Glasguensr,
905 3433 940 3505 in
960 3430 1106 3504 ccclcfia
1124 3442 1244 3503 nostra
1257 3430 1450 3504 honorifice
1468 3431 1503 3503 in
1522 3429 1692 3503 abbatem
1703 3430 1764 3505 be·

312 3552 485 3627 nedictus.

360 3670 521 3748 Ecclesre
537 3673 748 3748 Clareuallis
765 3673 968 3757 dedicatum
986 3671 1133 3770 reliquie
1153 3670 1264 3744 sanor
1284 3669 1457 3744 Bemardi
1474 3669 1685 3744 Clareuallis
1709 3670 1769 3744 ab·

312 3792 400 3867 batis
418 3794 531 3892 primi,
550 3793 742 3868 honorilice
760 3792 925 3867 transsate
940 3804 975 3866 et
987 3793 1022 3866 in
1034 3791 1181 3865 ecclesia
1192 3792 1310 3865 locate
1323 3792 1412 3876 sunt,
1427 3816 1471 3864 ea
1489 3792 1770 3891 reverentiaque

312 3914 469 3988 sancium
488 3914 619 3988 decuit.

360 4032 520 4108 Comites
532 4046 567 4108 et
585 4034 747 4117 barones,
763 4046 799 4107 et
810 4059 935 4108 omnes
947 4033 1101 4131 majores
1115 4044 1151 4106 et
1164 4032 1382 4131 potentiores
1393 4056 1456 4131 per
1467 4056 1619 4131 regnum
1632 4031 1766 4117 Scotic,

341 4206 435 4261 'Lord
443 4208 642 4278 Hailesobjccts
650 4218 679 4262 to
691 4206 738 4261 the
748 4208 863 4278 veracity
873 4208 904 4261 os
911 4206 958 4261 the
966 4208 1143 4269 coincidence,
1159 4225 1188 4261 as
1198 4207 1312 4261 detailed
1324 4208 1360 4277 by
1368 4207 1489 4259 Hoocdcn
1500 4207 1552 4260 and
1563 4206 1707 4277 ishardum
1720 4208 1769 4260 but

315 4292 422 4347 (ἔσωσε
434 4292 557 4347 consinus
575 4293 604 4355 it,
618 4293 654 4362 by
663 4292 760 4361 stating
771 4291 831 4345 that
845 4292 938 4362 Henry
950 4290 998 4344 lest
1019 4291 1183 4361 Canterbury
1195 4308 1230 4344 on
1246 4290 1383 4360 Saturduy‚
1398 4290 1461 4359 July
1475 4293 1516 4352 13,
1538 4289 1588 4343 col.
1605 4294 1687 4351 14273
1697 4308 1768 4345 corn-

308 4392 367 4445 pare
376 4376 432 4430 also
445 4376 492 4430 the
504 4385 660 4429 statements
672 4370 705 4429 os
714 4376 843 4437 Horrcdea,
857 4374 903 4429 sol.
918 4379 988 4435 3065
1002 4374 1047 4428 M.
1064 4377 1147 4437 Paris,
1163 4392 1189 4444 p.
1203 4378 1255 4435 90;
1276 4376 1313 4427 W.
1328 4374 1458 4444 herchig.
1472 4373 1498 4427 ii.
1513 4377 1557 4426 34.
1598 4373 1628 4426 In
1641 4374 1688 4427 the
1700 4392 1768 4427 mar-

307 4460 347 4529 gin
359 4458 390 4513 os
397 4460 444 4514 the
456 4460 627 4531 manuscript,
649 4467 667 4491 “
676 4460 767 4530 capeio
780 4460 846 4529 regis
862 4459 987 4512 Willelmi
1002 4459 1179 4512 Scottorum.”
1361 4456 1373 4488 '¹
1389 4457 1440 4510 See
1454 4458 1602 4526 Bromptoa,
1613 4458 1663 4511 col.
1681 4460 1746 4511 1031
1760 4481 1767 4519 ;

312 4544 532 4607 Germ,1427;
556 4544 710 4599 troadsol.
726 4547 794 4605 308;
820 4544 864 4597 M.
886 4546 969 4606 Paris,
983 4561 1010 4614 p.
1025 4546 1078 4603 90;
1099 4544 1147 4595 but
1168 4543 1253 4596 above
1274 4540 1317 4604 all,
1343 4542 1380 4595 W.
1395 4542 1525 4612 bwbrig.
1542 4542 1568 4595 ii.
1584 4544 1627 4604 33,
1647 4541 1701 4594 und
1721 4542 1768 4595 the

306 4628 441 4699 preceding
459 4628 591 4699 chaptcrs.
726 4626 799 4681 'See
813 4629 961 4697 Brompton,
983 4626 1229 4689 col.1ooo,1093;
1257 4626 1293 4679 W.
1306 4626 1436 4695 ll'crcbrr’g.
1456 4626 1482 4678 ii.
1497 4629 1541 4678 31.
1687 4624 1766 4679 'Ac-

307 4710 409 4783 cording
420 4722 451 4765 to
465 4714 579 4775 Fordun,
594 4710 629 4765 he
641 4711 766 4765 returned
778 4713 860 4765 about
872 4712 908 4765 ad
924 4711 987 4764 Feb.
1003 4713 1141 4778 [llud]
1181 4709 1242 4763 The
1261 4707 1364 4763 chartcr
1382 4711 1417 4779 hy
1429 4708 1517 4763 which
1531 4708 1566 4762 hc
1584 4706 1709 4762 obtained
1723 4707 1764 4761 his

204 4854 209 4861 ,
306 4792 394 4867 hberty
411 4796 434 4849 is
449 4794 554 4867 printed
571 4796 599 4849 in
617 4794 664 4849 the
684 4796 756 4849 Foed.
776 4796 793 4848 i.
814 4799 858 4848 30.
1004 4794 1146 4847 tleceline
1165 4792 1219 4847 had
1236 4792 1388 4864 previously
1405 4794 1473 4846 been
1493 4792 1572 4845 abbat
1591 4791 1623 4844 os
1640 4791 1764 4845 hlelroac.

309 4882 320 4907 ⁸
335 4878 377 4933 Oa
388 4880 436 4935 the
448 4870 557 5017 mugga,
569 4880 597 4933 in
610 4878 657 4935 red
666 4878 766 4943 letters,
784 4886 802 4911 ¹⁸
815 4878 951 4935 locelinus
964 4877 1105 4950 episcopus
1120 4876 1234 4947 Glasg'.'’
1350 4878 1364 4943 †
1377 4876 1420 4930 On
1433 4875 1480 4931 tho
1488 4876 1595 4947 margin.
1609 4875 1635 4927 in
1649 4874 1696 4929 red
1707 4874 1762 4941 inlr,

309 4964 496 5020 “aabbmde
542 4963 613 5019 elr'.”
