4716 6428
350 713 418 784 122
701 702 1022 781 CHRONICA
1054 705 1131 781 DE
1165 703 1452 779 MAILROS.
1568 704 1668 780 Ab.
1700 710 1808 783 1216.

346 924 486 999 australi
505 935 605 1023 parte
623 892 743 997 Scotie
760 921 850 994 mira
863 933 899 995 et
916 920 1077 995 inaudita
1090 921 1250 995 villarum
1268 932 1305 993 et
1318 918 1460 993 urbium
1472 919 1634 994 vastatio.
1673 920 1810 997 Audito

347 1046 441 1119 enim
460 1045 556 1144 quod
575 1043 737 1117 dominus
753 1041 958 1115 Alexander
972 1067 1045 1126 rex,
1068 1042 1283 1125 Scottorum,
1298 1038 1596 1114 Nerthumbriam
1608 1040 1671 1116 srbi
1689 1044 1810 1117 vendi-

348 1165 467 1251 casset,
486 1177 523 1239 et
552 1162 760 1262 humagium
787 1161 961 1235 baronum
993 1160 1249 1236 Nerthumbrie
1280 1159 1491 1259 suscepisset,
1527 1160 1713 1238 Johannes
1747 1190 1809 1238 rex

350 1286 496 1385 Anglie,
520 1284 664 1383 sumptis
686 1284 806 1355 secum
824 1283 963 1356 rutariis
982 1284 1062 1368 suiS,
1086 1284 1205 1356 versus
1229 1281 1389 1356 Scotiam
1408 1306 1490 1354 cum
1514 1281 1650 1380 impetu
1676 1309 1810 1384 magno

348 1407 450 1479 vertit
469 1405 639 1478 habenas.
672 1400 807 1475 Audito
826 1427 909 1475 vero
928 1402 1005 1501 ejus
1023 1402 1177 1476 adventu
1192 1401 1344 1475 barones
1362 1400 1408 1474 de
1426 1402 1541 1500 patria
1556 1401 1810 1490 Eboraucensr,

350 1528 410 1624 qui
426 1539 548 1599 contra
566 1526 677 1624 ipsum
690 1524 909 1621 juraverant,
921 1523 1030 1595 nimio
1041 1534 1174 1596 terrore
1187 1522 1347 1620 percussi,
1359 1520 1557 1620 praefidium
1571 1523 1704 1598 domini
1717 1527 1812 1624 regis

354 1648 556 1721 Scottorum
574 1646 804 1743 requirentes,
819 1642 924 1742 ipsrus
937 1643 1164 1741 praesenciam
1178 1642 1354 1727 adierunt,
1368 1641 1540 1742 humagia
1557 1645 1619 1717 sua
1635 1646 1810 1730 secemnt,

349 1767 556 1840 fidelitatem
576 1767 684 1839 etiam
702 1780 739 1839 et
755 1765 979 1840 securitatem
997 1788 1121 1837 omnes
1139 1761 1239 1835 srmul
1252 1762 1360 1836 tastis
1374 1762 1811 1863 sant'tuariisjuraverunt,

351 1888 400 1986 iij.
419 1886 510 1984 ydus
528 1885 688 1959 Januarii
710 1886 808 1986 [Jan.
832 1892 888 1970 11,
912 1882 1062 1981 1215-6]
1083 1883 1119 1956 in
1138 1883 1295 1981 capitulo
1319 1882 1574 1957 monachorum
1598 1884 1644 1959 de
1663 1885 1811 1959 Melros.

353 2006 432 2081 Rex
460 2017 580 2080 autem
611 2005 756 2106 Anglie,
775 2005 852 2106 post
880 2005 972 2103 ipsos
1000 2003 1252 2102 subsequenter
1271 2001 1477 2088 adveniens,
1498 2004 1599 2078 villas
1626 2031 1749 2079 eorum
1778 2020 1813 2079 et

352 2126 470 2226 opida,
495 2125 716 2226 possessiones
740 2139 776 2200 et
799 2124 923 2225 predia
946 2123 1066 2223 gladio
1084 2122 1225 2197 vindice
1242 2123 1391 2197 vastavit
1409 2135 1445 2197 et
1469 2124 1565 2223 igne.
1620 2123 1688 2223 lpsr
1707 2126 1814 2199 etiam

352 2248 503 2321 barones
521 2248 620 2320 villas
646 2249 726 2321 suas
743 2247 902 2346 proprias
921 2256 957 2318 et
974 2242 1082 2318 blada
1109 2256 1193 2318 ante
1217 2243 1410 2318 adventum
1433 2245 1541 2343 regis,
1566 2270 1613 2320 ne
1637 2245 1686 2318 illi
1705 2245 1814 2320 essent

352 2370 386 2441 in
416 2369 597 2452 auxilium,
626 2366 907 2451 combusserunt3
939 2377 974 2439 et
1003 2366 1052 2439 ita
1080 2365 1217 2439 sactum
1246 2365 1297 2438 est
1324 2377 1364 2438 ut
1392 2390 1526 2465 magna
1553 2390 1635 2464 pars
1660 2366 1814 2466 regionis

351 2487 448 2561 simul
468 2488 551 2587 igne
570 2487 826 2561 succederetur.
897 2484 995 2559 Nam
1013 2485 1063 2584 iij.
1082 2484 1162 2560 idus
1180 2484 1202 2558 J
1205 2484 1341 2558 anuarii
1362 2484 1400 2584 [J
1404 2511 1461 2560 an.
1480 2485 1541 2583 ll]
1563 2485 1748 2560 combusta
1763 2486 1815 2560 est

350 2607 433 2681 villa
452 2607 497 2681 de
511 2606 633 2691 Werc,
651 2633 684 2679 v.
700 2606 778 2680 idus
790 2604 947 2705 ejusdem
964 2604 1062 2703 [Jan.
1074 2604 1114 2704 9]
1132 2604 1302 2690 Alnewic,
1316 2605 1375 2704 vij.
1390 2604 1469 2679 idus
1481 2604 1638 2704 ejusdem
1653 2605 1751 2704 [lan.
1771 2606 1810 2704 7]

345 2727 495 2801 Mitford
514 2742 549 2800 et
568 2727 750 2825 Morpath,
769 2726 851 2825 xvij.
870 2725 1043 2798 kalendas
1062 2724 1246 2799 Februarii
1268 2724 1366 2823 [lan.
1390 2724 1450 2823 16]
1469 2722 1714 2826 Rokesburgia
1732 2751 1813 2800 cum

351 2848 475 2921 viculis
493 2858 529 2921 et
547 2846 719 2921 suburbiis
737 2845 1016 2945 quamplurimis,

402 2968 512 3067 xviij0.
538 2967 710 3041 kalendas
730 2965 912 3040 Februarii
941 2964 1040 3066 [Jan.
1064 2964 1124 3064 15]
1146 2966 1241 3064 cepit
1259 2965 1442 3040 Johannes
1462 2989 1524 3040 rex
1544 2965 1676 3065 Anglie
1694 2965 1814 3040 villam

353 3102 389 3163 et
415 3088 596 3162 castellum
623 3088 667 3162 de
696 3086 862 3173 Beruic,d
888 3086 947 3160 ubi
975 3112 1057 3161 cum
1083 3086 1222 3160 rutariis
1255 3087 1324 3161 suis
1347 3087 1458 3161 feroci
1481 3085 1753 3185 supramodum
1777 3098 1814 3159 et

353 3209 546 3282 inhumana
565 3210 645 3282 usus
663 3208 713 3282 est
738 3207 936 3307 tyrannide,
955 3207 1135 3307 utriusque
1162 3207 1256 3281 enim
1280 3209 1383 3281 sexus
1399 3205 1561 3281 homines
1584 3206 1814 3307 quoscunque

352 3330 519 3404 satellites
537 3328 670 3403 diaboli
697 3327 965 3428 apprehendere
988 3340 1192 3428 potuerunt,
1217 3328 1305 3403 alios
1323 3353 1385 3427 per
1407 3326 1573 3401 articulos
1589 3318 1761 3402 manuum
1779 3341 1816 3402 et

352 3450 484 3549 pedum
507 3450 771 3549 suspendentes
799 3449 887 3523 alios
905 3448 1046 3524 diversis
1064 3449 1242 3548 suppliciis
1259 3459 1478 3547 torquentes,
1504 3447 1651 3521 nefandi
1672 3447 1816 3547 questus

352 3572 482 3645 intuitu
509 3569 750 3645 immanilsrme
769 3570 1024 3645 cruciaverunt.
1079 3568 1134 3644 Ibi
1153 3570 1261 3645 etiam
1279 3568 1415 3643 Judeos
1435 3571 1554 3643 secum
1580 3567 1761 3643 adduxisse
1779 3580 1815 3643 et

354 3690 539 3790 magistros
556 3690 697 3764 malicie
714 3690 792 3764 illos
811 3689 962 3765 effecisse
979 3691 1140 3765 refertur.
1179 3688 1268 3764 Inde
1285 3714 1369 3765 vero
1386 3688 1620 3789 progrediens
1638 3688 1815 3764 Hadinto·

354 3811 450 3883 niam
462 3810 520 3883 die
531 3811 641 3883 tercia
656 3808 694 3908 [J
697 3834 754 3884 an.
774 3809 835 3909 18]
850 3810 1045 3896 combuslit,
1053 3822 1089 3884 et
1103 3809 1257 3884 Dunbar
1268 3821 1304 3884 et
1316 3809 1404 3883 alias
1414 3808 1515 3883 villas
1529 3809 1566 3883 in
1576 3809 1737 3908 partibus
1746 3809 1814 3884 illis

354 3929 470 4001 voraci
489 3929 632 4002 flamma
650 3929 829 4003 destruxit.
885 3929 925 4003 ln
939 3929 1055 4003 reditu
1073 3941 1194 4005 autem
1212 3932 1274 4004 suo
1292 3930 1413 4003 rutarii
1431 3930 1495 4016 sui,
1508 3929 1653 4003 ministri
1666 3928 1812 4015 diaboli,

355 4047 536 4121 abbatiam
563 4047 608 4121 de
629 4048 867 4148 Coldeingam
893 4049 1172 4148 expoliaverunt,
1191 4050 1309 4123 villam
1336 4050 1445 4123 etiam
1468 4049 1514 4124 de
1533 4048 1669 4125 Berwic
1694 4050 1814 4125 succe-

355 4167 493 4252 derunt,
512 4168 585 4266 ipso
603 4193 689 4267 rege
708 4169 911 4267 incipiente.
942 4168 1101 4243 Domum
1120 4169 1226 4255 enim,
1245 4170 1280 4242 in
1298 4195 1371 4269 qua
1383 4169 1580 4269 hospitatus
1591 4169 1654 4257 est,
1672 4172 1815 4271 propria

355 4314 475 4372 manu,
493 4299 532 4360 ut
550 4287 688 4372 dicitur,
707 4300 830 4362 contra
847 4314 983 4363 morem
999 4290 1138 4389 regium
1155 4289 1361 4364 indecenter
1379 4288 1570 4364 accendit!

406 4407 548 4481 Eodem
576 4434 682 4493 anno,
706 4410 825 4482 mense
856 4408 1063 4495 Februario,
1088 4408 1252 4485 dominus
1282 4409 1489 4486 Alexander
1515 4435 1577 4485 rex
1611 4410 1815 4486 Scottorum

356 4554 435 4602 cum
454 4553 563 4602 manu
575 4529 693 4603 valida
708 4540 743 4603 et
757 4528 913 4603 exercitu
927 4532 989 4604 suo
1003 4530 1162 4605 universo
1176 4531 1254 4631 post
1266 4556 1390 4631 regem
1406 4531 1539 4632 Anglie
1552 4532 1618 4607 iter
1632 4532 1815 4633 arripiens,
1866 4610 1869 4615 ,

356 4662 484 4723 terram
508 4649 599 4722 illius
617 4648 788 4747 usquead
805 4648 1021 4736 Carleolum,
1041 4661 1076 4724 et
1099 4651 1202 4737 ultra,
1217 4652 1301 4751 igne
1319 4653 1437 4726 voraci
1456 4651 1604 4727 vastavit
1621 4665 1657 4727 et
1681 4653 1816 4728 armis.⁸

402 4863 414 4894 ‘¹
436 4862 467 4916 ln
479 4862 526 4916 the
538 4863 645 4933 margin,
662 4870 680 4894 “
690 4862 746 4916 B'.”
916 4863 927 4886 ¹
949 4862 974 4917 It
987 4880 1097 4935 appears
1117 4862 1183 4917 srom
1196 4882 1230 4918 an
1252 4874 1328 4936 entry
1340 4882 1413 4936 upon
1433 4864 1480 4919 the
1494 4864 1591 4920 Patent
1605 4863 1681 4919 Rolls
1693 4864 1726 4920 os
1733 4864 1814 4927 John,

353 4945 411 4999 that
429 4945 464 4999 he
477 4963 531 5000 was
553 4956 581 5001 at
594 4945 713 5001 Berniclr
733 4963 806 5017 upon
825 4945 872 4999 the
890 4946 956 5001 toth
969 4946 1094 5018 Jarruary,
1116 4967 1159 5002 an.
1176 4949 1216 5006 17.
1345 4950 1355 4981 ¹
1377 4949 1544 5020 Conceming
1562 4949 1640 5005 these
1652 4960 1755 5015 eventu
1770 4966 1815 5005 see

356 5032 468 5095 Fordun,
483 5031 509 5084 ii.
522 5035 567 5085 85.
676 5030 689 5064 ¹
710 5033 823 5094 Fordun,
843 5031 870 5084 ii.
885 5036 928 5086 35.
