4716 6428
316 744 415 818 A.D.
447 749 552 818 1245.
669 737 988 815 CHRONICA
1016 737 1092 813 DE
1122 736 1408 813 MAILROS.
1704 745 1772 823 173

314 956 437 1030 ordine
459 956 548 1055 juris
575 955 722 1037 servato,
749 950 1030 1026 animadvertere
1056 948 1156 1049 poffit
1181 951 1217 1023 in
1241 949 1427 1048 quossibet,
1455 976 1545 1050 quos
1569 950 1684 1026 asserit
1709 955 1769 1026 sue

310 1075 545 1174 jurisdistioni
563 1072 765 1173 subjectos?
812 1070 980 1145 Proceffit
997 1070 1092 1144 enim
1110 1083 1233 1163 contra
1256 1095 1321 1144 nos
1342 1096 1466 1169 nuper,
1486 1084 1525 1144 ut
1543 1071 1680 1157 dicitur,
1698 1096 1770 1146 non

316 1223 378 1295 per
405 1195 638 1270 accusationis
663 1192 835 1277 ordinem,
862 1216 944 1266 cum
970 1216 1037 1265 nec
1068 1192 1250 1265 accusator
1277 1190 1489 1290 apparuisset
1516 1191 1676 1279 idoneus,
1704 1218 1771 1267 nec

316 1317 493 1416 inscriptio
523 1312 745 1414 proceffiffet,
780 1337 847 1387 nec
876 1337 938 1412 per
969 1312 1291 1397 denunciationem,
1326 1311 1487 1410 legitimo
1518 1312 1770 1387 denunciatore

317 1435 481 1521 cessante,
516 1461 583 1510 nec
613 1461 676 1535 per
706 1431 937 1533 inquisitionis
971 1432 1130 1516 modum,
1159 1457 1267 1531 quem
1298 1432 1451 1506 clamosa
1486 1432 1671 1508 insinuatio
1701 1459 1772 1508 non

316 1556 496 1656 praeceffit‚
515 1581 597 1631 eum
623 1557 732 1630 etiam
757 1553 933 1627 nullorum
959 1551 1202 1651 inquisitorum
1227 1551 1330 1627 nobis
1353 1553 1452 1628 fana
1476 1555 1630 1629 extiterit
1655 1556 1771 1654 copia,

316 1677 341 1751 fi
359 1704 431 1778 qua
448 1679 565 1751 forsan
582 1674 829 1759 ecclesiastica,
847 1698 929 1746 cum
954 1672 1041 1746 nulli
1058 1672 1189 1746 suerint
1210 1671 1351 1771 publice
1375 1698 1438 1772 per
1460 1674 1660 1774 hujusmodi
1678 1675 1773 1774 judi-

317 1823 395 1873 cem
414 1798 459 1872 ad
483 1795 742 1896 inquisitionem
761 1793 920 1868 adducti.
975 1790 1104 1868 Asserit
1122 1793 1241 1866 omnia
1258 1793 1335 1866 sore
1357 1778 1509 1878 notoria,
1526 1819 1597 1893 que
1621 1821 1686 1870 nos
1703 1796 1772 1870 effe

316 1921 455 1994 notoria
471 1917 656 1993 manifeste
682 1938 869 2015 negamus,
887 1925 923 1986 et
941 1911 1010 1987 esse
1036 1914 1176 1986 notoria
1193 1939 1255 2012 per
1275 1914 1474 2014 legitimum
1491 1915 1632 1990 testium
1649 1942 1772 1991 nume-

317 2064 394 2113 rum
412 2064 483 2113 non
502 2036 707 2137 probantur.
763 2034 824 2109 Sic
841 2034 936 2108 enim
954 2032 1103 2131 quilibet
1115 2033 1227 2132 judex
1244 2034 1356 2134 poffet
1373 2059 1436 2134 per
1454 2036 1489 2109 se
1510 2036 1622 2136 ipsum
1640 2038 1772 2111 crimen

318 2160 500 2233 asserendo
527 2159 716 2242 notorium,
739 2156 855 2255 spreto
874 2154 963 2253 juris
989 2153 1111 2228 ordine
1135 2153 1331 2255 quemlibet
1357 2156 1606 2232 condemnare.
1661 2157 1772 2231 Insur-

316 2294 480 2355 rexerunt
507 2280 543 2353 in
570 2304 647 2363 nos,
670 2289 709 2351 ut
726 2275 865 2360 dicitur,
883 2275 919 2347 in
938 2274 1089 2348 concilio
1106 2274 1213 2349 testes
1239 2276 1362 2375 iniqui,
1385 2277 1445 2350 sed
1462 2277 1566 2352 valde
1591 2281 1772 2377 perpauci,

317 2427 470 2500 quorum
488 2425 609 2484 unum,
628 2398 793 2472 videlicet
806 2395 1011 2470 Galiensem
1029 2396 1244 2494 episcopum,
1256 2397 1337 2480 suis,
1354 2397 1463 2470 fratre
1481 2398 1646 2472 videlicet
1663 2411 1699 2472 et
1712 2424 1774 2471 ne·

318 2534 414 2622 pote,
433 2547 496 2620 per
513 2545 579 2594 nos
605 2545 648 2593 ex
667 2518 774 2592 causa
796 2515 1004 2616 proditionis
1022 2514 1068 2588 ad
1092 2516 1316 2614 suspendium
1332 2515 1493 2618 legitime
1516 2518 1774 2601 condemnatis,

318 2642 451 2716 offensa
474 2638 706 2715 rationalibus
726 2637 830 2711 nobis
854 2636 1006 2710 reddidit
1030 2636 1201 2721 odiosum,
1220 2650 1256 2710 et
1275 2636 1369 2735 juste
1393 2649 1580 2737 propterea
1604 2639 1774 2738 repellen-

319 2762 414 2836 dum.
470 2762 572 2836 Alios
593 2773 767 2859 tanquam
791 2783 835 2832 ex
856 2757 989 2832 ultimis
1009 2756 1195 2856 Hispaniei
1217 2757 1377 2858 partibus
1399 2759 1627 2858 prodeuntes,
1647 2759 1774 2834 Terra·

319 2884 511 2982 gonensem
535 2881 668 2956 scilicet
691 2892 728 2953 et
747 2877 1077 2977 compostellanum
1099 2877 1284 2963 antistites,
1303 2880 1528 2980 negotiorum
1548 2880 1651 2955 ltalie
1675 2894 1774 2954 nata-

319 3004 361 3077 lis
382 3028 472 3077 zone
489 3002 734 3102 longinquitas
760 3000 900 3084 inscios,
918 3012 955 3073 et
973 2998 1115 3073 eosdem
1134 3002 1308 3073 venenose
1332 2999 1591 3075 subornationis
1614 3002 1775 3076 inductio

320 3123 434 3198 nostre
458 3123 594 3222 justitie
617 3122 704 3196 fecit
727 3120 797 3194 effe
821 3119 977 3194 infestos.
1032 3119 1118 3194 Esto
1143 3133 1315 3218 praeterea
1338 3120 1435 3219 quod
1458 3121 1607 3221 legitimi
1631 3123 1774 3206 suerint,

321 3242 592 3328 subsistentibus,
617 3242 718 3317 actor
744 3253 781 3314 et
802 3240 932 3339 judex;
965 3238 1239 3325 defuit-tertius,
1262 3266 1354 3324 reus,
1378 3241 1439 3340 qui
1466 3241 1520 3315 vel
1545 3243 1696 3340 praesens
1720 3242 1775 3316 vel

321 3365 576 3439 contumaciter
595 3361 721 3437 absens
738 3361 931 3436 secundum
944 3359 1116 3459 justitiam
1134 3359 1259 3434 debuit
1277 3360 1517 3435 condemnari.
1554 3361 1664 3435 Citati
1675 3387 1774 3435 nam·

321 3509 392 3583 que
415 3485 450 3556 in
477 3482 728 3582 praedicatione
752 3482 814 3556 sua
841 3479 1023 3580 Lugduni,
1051 3480 1138 3555 ficut
1159 3480 1370 3565 audivimus,
1393 3482 1477 3555 licet
1500 3482 1707 3566 informiter,
1726 3483 1774 3555 vi·

321 3603 452 3677 delicet
472 3604 557 3703 quia
579 3601 642 3702 ipfi
665 3603 776 3686 citati,
800 3614 836 3676 et
859 3602 937 3676 aliis
962 3601 1066 3676 nullis
1089 3602 1238 3676 aliorum
1258 3603 1402 3675 omnino
1424 3602 1579 3701 personis
1602 3615 1638 3676 et
1662 3602 1774 3676 causis

322 3721 497 3824 expressis,
515 3722 656 3798 sasture
668 3722 841 3823 justitiam
859 3721 1070 3797 deberemus
1086 3747 1150 3823 per
1166 3747 1232 3796 nos
1245 3722 1301 3796 vel
1319 3747 1381 3822 per
1394 3723 1610 3822 responsales
1628 3723 1776 3796 idoneos

169 3861 172 3868 '
206 3912 208 3916 ,
320 3869 537 3945 comparere.
592 3843 787 3918 Praesentes
804 3868 868 3942 pro
887 3855 984 3917 certo
1001 3868 1073 3917 non
1090 3844 1234 3928 suimus
1253 3843 1313 3932 sed
1337 3868 1381 3916 ex
1403 3842 1505 3943 justis
1523 3843 1635 3918 caulis
1653 3843 1775 3917 absen-

320 3979 386 4050 tes,
405 3965 452 4040 ad
469 3989 621 4065 quarum
645 3963 898 4064 allegationem
917 3962 1049 4037 admissi
1073 3965 1289 4063 responsales
1306 3964 1411 4037 nostri
1434 3964 1594 4064 legitime
1611 3990 1681 4038 non
1700 3967 1775 4039 sue·

321 4099 411 4160 runt.
465 4085 547 4161 Nec
573 4084 737 4159 absentes
761 4086 1016 4159 contumaciter
1042 4086 1185 4170 suimus,
1210 4110 1290 4159 cum
1314 4097 1440 4183 praeter
1466 4085 1563 4185 quod
1587 4085 1683 4160 nulla
1708 4087 1776 4160 suit

321 4208 456 4291 citatio,
481 4217 519 4280 ut
545 4205 597 4280 est
614 4205 764 4289 dictum,
790 4206 1066 4305 peremptorium
1091 4206 1292 4290 terminum,
1316 4218 1420 4304 prout
1441 4205 1528 4279 ordo
1546 4206 1636 4305 juris
1654 4208 1775 4306 expos-

320 4328 422 4411 tulat,
440 4327 563 4401 citatio
585 4351 658 4400 non
681 4325 842 4412 haberet,
865 4338 970 4427 prout
988 4327 1165 4401 citationis
1189 4327 1304 4400 sorma
1328 4326 1543 4426 principibus
1568 4340 1603 4400 et
1622 4328 1775 4426 praelatis

322 4446 419 4521 milla
450 4472 512 4546 per
539 4447 660 4522 literas
690 4447 871 4522 evidenter
902 4447 1064 4523 ostendit.
1130 4447 1402 4521 Contumaciam
1436 4447 1589 4522 nostram
1620 4447 1775 4548 magistri

325 4565 466 4640 Thadei
489 4566 535 4640 de
556 4565 710 4678 Suelfa,l
735 4592 867 4668 magne
890 4569 986 4642 curie
1010 4567 1125 4642 nostre
1143 4567 1287 4665 judicis,
1305 4566 1418 4642 fidelis
1440 4566 1545 4641 nostri
1570 4580 1774 4665 procurato·

324 4688 382 4771 rie,
403 4687 547 4786 plenum
564 4688 772 4764 mandatum
793 4691 948 4774 excusat,
975 4690 1076 4787 cujus
1100 4689 1294 4764 auctoritas
1318 4714 1423 4763 exeo
1449 4688 1546 4786 quod
1565 4699 1686 4761 contra
1710 4713 1774 4762 nos

369 4897 536 5037 ’ζεῗῖί
549 4898 1418 4961 MnaHitt.d'ltalie.vi.313‚soranaccountosthirevent.
1529 4901 1538 4930 ¹
1562 4899 1777 4954 Seetheautho·

322 4983 371 5052 rity
421 4983 469 5038 tei
516 5024 523 5036 .
