4716 6428
587 705 653 779 136
923 699 1242 775 CHRONICA
1275 697 1351 774 DE
1389 694 1680 773 MAILROS.
1802 697 1901 774 Ab.
1933 702 2040 783 1219.

580 914 717 988 noverit
735 912 907 1011 dignatio,
932 910 1029 1010 quod
1051 910 1288 1010 Omnipotens
1308 908 1485 983 Dominus
1503 910 1673 983 exercitui
1689 909 1889 985 Christiano
1907 911 1968 985 diu
1991 913 2044 985 fa·

582 1035 696 1134 ligato
715 1033 907 1106 clementer
925 1033 1097 1116 misertus,
1113 1031 1320 1104 Damietam
1338 1030 1518 1104 civitatem
1536 1029 1608 1103 srne
1625 1030 1761 1104 inflictu
1779 1031 1965 1105 vulnerum
1983 1044 2045 1105 aut

581 1180 716 1254 pugna,
740 1152 946 1226 mirabiliter
972 1177 1034 1250 per
1057 1152 1200 1251 pietatis
1223 1152 1284 1223 sue
1308 1151 1459 1249 gratiam
1479 1149 1641 1224 exulibus
1664 1150 1733 1224 suis
1757 1151 1913 1236 tradidit,
1931 1153 1982 1225 ita
2006 1164 2046 1226 ut

581 1275 710 1348 nullius
728 1274 861 1347 meritis
884 1274 944 1347 sed
968 1275 1029 1346 sue
1054 1271 1273 1346 solummodo
1296 1271 1393 1343 laudi
1418 1270 1517 1369 poffit
1536 1270 1591 1344 vel
1616 1270 1746 1344 debeat
1771 1271 1927 1346 attribui.
1985 1273 2046 1347 Sic

584 1406 703 1467 autem
726 1394 894 1467 noveritis
912 1393 1017 1492 ipsius
1037 1392 1108 1465 Dei
1132 1391 1407 1465 misericordiam
1425 1391 1607 1465 evidenter
1625 1416 1688 1489 pro
1706 1390 1808 1465 nobis
1827 1393 1862 1464 in
1886 1392 1946 1466 illa
1964 1394 2047 1467 civi·

584 1527 657 1588 tate
676 1528 872 1613 operatam.
915 1513 1036 1586 Tanta
1050 1512 1222 1610 siquidem
1240 1511 1436 1584 mortalitas
1450 1511 1633 1584 hominum
1651 1511 1685 1583 in
1701 1536 1745 1584 ea
1759 1511 1908 1596 emersit,
1924 1525 1963 1586 ut
1980 1538 2048 1588 nee

584 1635 775 1708 morientes
793 1634 933 1707 tradere
951 1632 1128 1732 sepulture
1147 1633 1357 1705 sufficerent.
1402 1629 1615 1729 Superstites
1634 1631 1728 1704 enim
1746 1631 1818 1704 vite
1837 1631 2047 1707 infirmitatis

583 1754 742 1829 molestia
767 1755 866 1853 gravi
890 1753 1113 1836 laborabant,
1138 1754 1187 1826 ita
1205 1752 1303 1850 quod
1321 1777 1402 1825 cum
1427 1751 1536 1850 ipsam
1555 1751 1735 1824 civitatem
1757 1753 1870 1850 primo
1889 1752 2047 1826 transire·

583 1900 674 1958 mus,
689 1876 768 1974 plus
782 1900 890 1972 quam
904 1874 970 1946 tria
984 1900 1025 1947 ar.
1040 1885 1259 1946 mortuorum
1274 1872 1471 1945 invenimus
1485 1872 1520 1943 in
1535 1897 1590 1955 ea,
1603 1896 1701 1945 more
1715 1898 1857 1957 canum,
1871 1873 1906 1946 in
1921 1873 2048 1972 plateis

579 1995 712 2092 jacere.
768 1994 943 2068 Homines
966 1992 1136 2091 liquidem
1161 1992 1267 2065 nostri
1286 1993 1380 2065 circa
1403 1991 1520 2064 medie
1544 1992 1662 2066 noctis
1686 1991 1871 2078 silentium,
1891 1992 2045 2078 consilio,

585 2127 624 2187 ut
642 2115 829 2199 credimus,
855 2114 1078 2213 quorundam
1103 2113 1148 2186 de
1172 2113 1327 2197 civitate,
1347 2112 1524 2185 intromilll
1546 2112 1702 2198 suerunt,
1720 2125 1757 2187 et
1779 2114 1921 2215 legatus
1943 2114 2047 2188 miffis

585 2237 722 2309 nunciis
750 2236 820 2310 suis
848 2248 961 2310 turres
989 2247 1025 2308 et
1052 2234 1213 2308 homines
1239 2233 1373 2333 perfide
1399 2233 1517 2332 gentis
1540 2233 1730 2331 captivavit
1755 2234 2045 2334 quamplurimos

588 2355 660 2429 Alii
678 2355 778 2428 multi
798 2356 1028 2428 ascendentes
1045 2354 1214 2427 forciores
1232 2367 1357 2437 turres,
1376 2378 1502 2426 aurora
1520 2353 1663 2428 lucente
1685 2354 1720 2426 in
1739 2354 1791 2428 eis
1809 2354 2047 2454 prestolaban-

585 2487 651 2547 tur.
706 2473 841 2548 Exorta
865 2474 1035 2573 fiquidem
1062 2473 1142 2547 luce
1168 2498 1342 2545 nonarum
1367 2471 1627 2547 Novembrium
1650 2473 1762 2573 [Nov.
1784 2474 1839 2573 5],
1864 2500 1987 2549 omnes
2014 2476 2049 2549 se

587 2594 744 2692 captivos
760 2595 929 2668 Saraceni
946 2594 1152 2667 Damietam
1166 2593 1351 2677 dederunt,
1367 2606 1403 2666 et
1421 2594 1601 2668 civitatem
1615 2595 1770 2668 totaliter
1788 2596 1823 2668 in
1837 2594 2048 2694 potestatem

590 2713 880 2798 Christianorum,
895 2714 1055 2811 quamvis
1074 2714 1183 2797 inviti,
1198 2713 1429 2787 tradiderunt.
1469 2714 1509 2786 In
1527 2715 1640 2814 primo
1654 2740 1737 2788 vero
1756 2727 1854 2788 motu
1873 2716 2047 2814 captionis

588 2833 751 2917 civitatis,
772 2833 872 2906 multi
898 2859 1052 2931 nequam
1076 2832 1238 2907 homines
1263 2845 1488 2908 accurrentes
1512 2834 1684 2908 infinitam
1708 2835 1896 2934 pecuniam
1919 2836 2048 2909 furtive

587 2953 843 3027 subtraxerunt.
898 2953 1047 3027 Domini
1077 2965 1196 3026 antem
1221 2954 1396 3028 exercitus
1419 2954 1580 3029 videntes
1604 2980 1675 3053 que
1697 2956 1797 3028 facta
1819 2956 1962 3028 fuerunt
1985 2980 2048 3055 per

590 3073 722 3159 Deum,
754 3073 944 3147 coadunati
973 3074 1152 3147 communi
1182 3074 1323 3147 confilio
1353 3099 1494 3148 omnem
1525 3076 1714 3173 pecuniam
1742 3075 1817 3148 auri
1846 3087 1881 3149 et
1910 3077 2049 3175 argenti

588 3194 820 3268 communiter
839 3219 1059 3294 congregare
1078 3193 1321 3279 decreverunt,
1344 3206 1380 3268 et
1398 3195 1600 3293 omnesqui
1625 3195 1782 3294 aliquam
1805 3207 1943 3296 partem
1966 3196 2049 3269 inde

588 3314 831 3389 subtraxerant
855 3314 1018 3389 dominus
1041 3315 1182 3414 legatus
1206 3316 1346 3399 vinculo
1371 3315 1747 3389 excommunicationis
1770 3316 1964 3401 innodavit,
1988 3315 2050 3389 nisi

587 3434 824 3534 resipiscerent
850 3435 1076 3509 restituendo.
1134 3436 1319 3509 Summam
1337 3462 1420 3509 vero
1447 3436 1598 3536 pecunie
1617 3435 1718 3510 vobis
1742 3436 1893 3511 scribere
1910 3438 2049 3538 ignora·

588 3581 678 3640 mus,
708 3556 792 3654 quia
822 3580 893 3628 non
920 3556 1004 3629 dum
1032 3557 1185 3655 pecunia
1216 3567 1436 3655 congregata
1466 3556 1533 3630 fuit
1564 3556 1708 3655 quando
1735 3558 1887 3656 praesens
1917 3558 2050 3659 pagina

587 3675 715 3774 scripta
732 3676 811 3760 fuit,
830 3674 891 3748 sed
908 3674 995 3749 ficut
1012 3676 1142 3774 captivi
1161 3675 1331 3749 Saraceni
1349 3675 1452 3749 nobis
1470 3676 1604 3760 dicunt,
1619 3688 1655 3750 et
1673 3676 1735 3776 ipfi
1753 3676 1916 3763 vidimus,
1935 3678 2049 3752 inesti-

588 3794 728 3869 mabilis
746 3794 929 3868 thesaurus
954 3796 989 3868 in
1008 3821 1051 3869 ea
1075 3796 1238 3870 inventus
1257 3797 1319 3880 est,
1344 3797 1404 3893 qui
1429 3797 1622 3870 secundum
1650 3797 1832 3871 arbitrium
1856 3799 2049 3872 communi·

589 3914 671 3987 tatis
682 3915 858 3988 exercitus
872 3913 1029 3987 distribui
1044 3914 1163 3988 debet.
1198 3916 1233 3989 T
1234 3916 1389 3999 imemus
1398 3928 1517 3990 autem
1532 3917 1629 4015 quod
1644 3942 1742 3990 amor
1755 3918 1906 4017 pecunie
1920 3917 2049 3992 multas

587 4034 697 4107 faciet
719 4036 815 4108 fures
838 4060 1057 4133 permanere.
1115 4036 1244 4109 Sciatis
1268 4047 1388 4110 autem
1415 4035 1512 4135 quod
1539 4048 1623 4111 ante
1647 4037 1848 4135 captionem
1868 4036 2049 4123 Damiete‚

588 4153 635 4227 illi
664 4153 708 4226 de
735 4154 878 4228 civitate
904 4155 1171 4240 nunciaverunt,
1199 4156 1295 4253 quod
1318 4156 1449 4231 viribus
1473 4156 1677 4231 adnichilati
1701 4157 1846 4232 ulterius
1870 4158 2049 4233 civitatem

588 4274 738 4348 retinere
763 4300 834 4347 non
852 4286 1055 4374 potuerunt.
1112 4275 1290 4350 Soldanus
1309 4289 1429 4350 autem
1451 4288 1489 4351 ut
1514 4278 1649 4353 amicus
1668 4277 1837 4352 Damiete
1855 4278 2050 4363 condoluit,

589 4405 625 4467 et
648 4394 700 4468 eis
724 4396 924 4468 succurrere
948 4395 1081 4480 volens,
1106 4396 1224 4495 plures
1250 4397 1389 4470 suorum
1416 4398 1573 4496 periculo
1598 4397 1768 4499 exposuit.
1823 4398 2050 4498 Quingentos

587 4514 682 4588 enim
700 4515 792 4588 viros
810 4514 855 4589 de
874 4516 1032 4588 exercitu
1050 4516 1111 4589 suo
1129 4516 1293 4590 meliores
1311 4517 1432 4617 elegit,
1451 4498 1488 4592 et
1505 4517 1645 4593 duobus
1663 4516 1790 4591 diebus
1813 4530 1898 4593 ante
1916 4519 2050 4619 captio·

587 4660 670 4708 nem
688 4635 840 4709 civitatis
865 4635 1034 4708 Damiete
1057 4635 1187 4709 intrare
1211 4636 1322 4736 ipsam
1346 4638 1525 4711 civitatem
1548 4637 1650 4712 misrt.
1705 4638 1778 4723 Qui
1799 4639 1982 4714 venientes
2005 4639 2050 4712 de

588 4756 746 4829 exercitu
764 4755 923 4839 Soldani,
938 4756 1130 4830 exercitum
1148 4756 1305 4830 nostrum
1323 4758 1419 4856 apud
1436 4758 1638 4832 machinam
1652 4757 1765 4831 sanor
1779 4757 1965 4844 Johannis,
1979 4783 2050 4858 que

590 4874 820 4950 Trebueheta
833 4876 972 4960 dieitur,
988 4876 1117 4951 intrare
1131 4876 1317 4951 volebant:
1341 4878 1401 4951 sed
1415 4878 1533 4952 divina
1546 4878 1663 4978 gratia
1681 4903 1743 4953 eos
1757 4905 1874 4955 errare
1888 4879 2052 4977 copulit.¹¹

1223 5060 1236 5084 ¹⁸
1253 5059 1407 5132 Compulit?
