4716 6428
626 723 695 790 188
972 712 1292 789 CHRONICA
1324 712 1401 788 Du
1435 711 1722 788 MAILROS.
1843 716 1945 791 AD.
1967 719 2074 795 1262.

623 931 808 1030 procidens
819 931 921 1030 super
931 956 1050 1030 genua
1063 931 1188 1014 oravit,
1201 929 1335 1014 dicens,
1353 943 1377 974 ‘⁴
1389 928 1545 1002 Domine
1557 928 1676 1001 Adam
1687 927 1773 1001 ficut
1785 931 1958 1004 ueraciter
1970 933 2078 1006 credo

625 1053 722 1151 quod
744 1052 863 1126 Deum
883 1077 927 1124 ex
945 1065 1022 1124 toto
1040 1052 1137 1124 cordi
1155 1050 1303 1124 dilexisti
1327 1052 1363 1123 in
1386 1051 1459 1122 vita
1481 1063 1557 1132 tua,
1580 1063 1617 1121 et
1640 1074 1721 1121 cum
1745 1049 1806 1122 illo
1830 1075 1870 1124 cs
1895 1052 1932 1125 in
1954 1065 2079 1126 eterna

625 1173 708 1256 vita,
727 1172 913 1271 postquam
931 1187 1076 1245 vocatus
1094 1171 1187 1244 suisti
1206 1197 1228 1245 a
1244 1170 1347 1245 nobis
1364 1169 1410 1244 ad
1429 1171 1558 1268 ipsum;
1583 1168 1630 1242 sic
1650 1171 1770 1268 quaeso
1793 1184 1831 1242 ut
1852 1172 1939 1246 velis
1966 1173 2078 1246 effim-

625 1292 709 1365 dere
736 1317 858 1390 preces
885 1317 949 1390 pro
972 1316 1030 1364 me
1056 1291 1101 1364 ad
1120 1291 1217 1365 illum
1236 1303 1275 1363 ut
1292 1316 1354 1390 per
1370 1304 1410 1363 te
1426 1290 1584 1388 recipere
1601 1314 1738 1362 merear
1754 1289 1877 1363 lumen
1893 1293 2076 1366 nudorum

626 1438 797 1497 meorum,
821 1413 917 1511 quod
945 1413 1102 1509 pcccatis
1123 1412 1213 1484 meis
1229 1409 1454 1510 exigentibus
1472 1408 1581 1482 amifi.
1633 1408 1833 1496 Memento,
1851 1437 1933 1485 care
1950 1415 2077 1498 amice,

627 1533 807 1631 quomodo
830 1531 1012 1605 dilexerim
1037 1545 1075 1605 te
1099 1532 1135 1604 in
1161 1532 1234 1604 vita
1258 1543 1333 1613 tua,
1356 1544 1392 1603 et
1414 1530 1658 1603 honoraverim
1683 1543 1787 1628 prout
1810 1534 1910 1630 potui
1933 1535 2077 1632 quando

628 1652 805 1725 voluisti.'’
860 1651 948 1725 Erat
967 1654 1060 1725 enim
1078 1650 1219 1725 sacrista
1236 1650 1436 1724 monasterii
1454 1676 1561 1723 cecus
1587 1649 1651 1723 iste
1675 1649 1873 1725 ministrans
1897 1654 1930 1725 ei
1950 1655 2078 1728 multo-
2233 1726 2241 1738 ,

627 1773 699 1845 cies
729 1797 800 1870 que
830 1773 1043 1872 petebantur
1066 1771 1113 1844 ab
1139 1797 1183 1845 eo
1206 1770 1410 1846 neceffaria.
1469 1769 1537 1844 His
1558 1784 1594 1843 et
1620 1770 1674 1844 his
1696 1770 1864 1846 similibus
1889 1773 2004 1849 verbis
2030 1776 2078 1849 ab

627 1893 687 1965 illo
704 1895 886 1990 peroratio,
905 1918 989 1966 ecce
1007 1894 1066 1964 lux
1089 1893 1176 1966 mire
1199 1893 1368 2002 claritatis
1390 1893 1504 1990 primo
1527 1892 1563 1964 in
1586 1916 1696 1964 unum
1716 1904 1916 1991 temporum
1936 1896 2077 1969 snorum

625 2013 776 2097 intravit,
794 2039 865 2111 que
882 2013 1049 2087 transiens
1067 2039 1130 2113 per
1147 2012 1304 2087 medium
1321 2014 1438 2089 clause
1454 2013 1654 2087 fituofitatis
1670 2015 1852 2089 oculomm
1875 2016 1952 2114 ejus
1970 2018 2077 2090 exirit

628 2158 690 2230 per
708 2133 803 2206 aliud
821 2146 961 2232 tempus
978 2134 1104 2232 capitis
1120 2134 1210 2231 ejus,
1227 2147 1267 2206 ut
1283 2136 1357 2233 ipse
1373 2134 1459 2207 mihi
1477 2135 1606 2207 retulit.
1660 2134 1744 2220 Quo
1761 2135 1875 2210 subito
1891 2137 1991 2210 fatto
2008 2139 2079 2210 sur·

630 2254 715 2326 rexit
734 2255 868 2352 optime
886 2253 1008 2327 videns
1025 2253 1200 2352 rediitque
1217 2254 1263 2328 de
1279 2254 1439 2354 sepulcro
1455 2255 1568 2329 sancti
1594 2255 1657 2327 viri
1674 2253 1747 2327 fine
1773 2269 1921 2355 regente
1948 2256 2081 2357 greffus

630 2374 721 2457 suos,
739 2376 800 2471 qui
819 2374 901 2446 illuc
919 2375 1006 2447 ierat
1025 2400 1106 2447 cum
1123 2388 1272 2474 regente
1289 2375 1379 2448 illos.

683 2614 767 2686 Viso
785 2614 988 2713 precedenti
1007 2616 1178 2688 miraculo
1195 2615 1241 2689 de
1258 2615 1382 2689 sancto
1401 2615 1485 2689 Ada
1503 2614 1730 2702 Eboracenli,
1747 2617 1882 2716 placuit
1899 2619 1985 2694 mihi
2002 2645 2084 2693 nar·

632 2760 710 2808 rare
738 2734 871 2834 aliquid
900 2736 1070 2809 miraculo
1098 2734 1372 2834 correspondens
1399 2735 1446 2809 de
1471 2736 1628 2835 quodam
1658 2737 1728 2811 alio
1760 2737 1880 2812 Adam
1906 2740 2082 2814 monacho

632 2856 750 2929 nostro
767 2856 813 2929 de
827 2855 1004 2930 Lewenax
1021 2855 1182 2941 oriundo,
1200 2856 1261 2953 qui
1279 2868 1377 2930 tante
1394 2857 1592 2930 sanctitatis
1608 2857 1823 2956 perhibetur,
1840 2858 1938 2957 quod
1954 2884 2018 2958 per
2034 2860 2083 2933 vi·

633 2977 722 3076 giuti
741 3002 853 3057 annos
866 2976 995 3076 quibus
1012 2976 1298 3050 commorabatur
1314 2977 1410 3076 apud
1431 2990 1587 3051 veterem
1612 2976 1758 3062 Melros,
1784 3003 1967 3077 nunquam
1992 2981 2085 3054 visus

633 3098 689 3171 vel
707 3099 813 3172 scitus
829 3099 896 3172 suit
914 3098 964 3172 ire
990 3098 1025 3171 in
1051 3097 1197 3181 lectum,
1223 3097 1283 3170 sed
1309 3122 1377 3170 nec
1401 3098 1446 3170 de
1469 3097 1565 3171 lectu
1590 3098 1707 3182 exire3
1733 3098 1847 3196 Cujus
1870 3099 1920 3173 rei
1941 3099 2085 3175 evidens

635 3218 872 3293 testimonium
896 3230 972 3293 erat
997 3218 1094 3318 quod
1118 3217 1269 3291 stramen
1292 3216 1507 3317 suppositum
1529 3218 1655 3317 pannis
1682 3219 1840 3317 putative
1867 3218 2086 3310 dormitionis

635 3340 711 3437 ejus
728 3365 791 3438 per
808 3351 946 3412 tanturn
963 3339 1132 3437 temporis
1148 3339 1299 3438 spatium
1317 3340 1453 3438 semper
1470 3337 1568 3437 qnafi
1585 3339 1621 3412 in
1642 3338 1771 3412 eodem
1797 3338 1890 3413 statu
1918 3341 2086 3415 cerneba-

636 3475 691 3533 tur
708 3485 926 3558 permanere.
983 3459 1056 3534 Sed
1073 3459 1158 3532 dum
1176 3459 1289 3532 noluit
1307 3458 1409 3533 Deus
1425 3458 1523 3558 quod
1540 3459 1591 3532 vir
1607 3459 1711 3534 valde
1729 3459 1844 3534 honus
1865 3459 2000 3536 malum
2025 3461 2087 3561 hy·

636 3579 777 3678 pocrisis
794 3581 997 3664 incurreret,
1015 3579 1218 3655 dehiscebat
1236 3581 1272 3652 in
1289 3579 1470 3678 pulverem
1488 3579 1676 3664 interdum,
1693 3578 1754 3653 sed
1776 3604 1868 3666 raro,
1892 3606 1955 3681 pre
1975 3585 2088 3656 vetus·

637 3714 711 3774 tate
728 3701 879 3777 stramen
897 3700 1054 3800 ejusdem
1071 3699 1169 3785 lesti,
1195 3701 1297 3799 super
1320 3699 1418 3799 quod
1447 3699 1544 3773 aliud
1566 3700 1717 3773 stramen
1739 3701 1906 3776 novitatis
1931 3704 2017 3777 lecit
2039 3704 2089 3776 vir

639 3820 721 3894 Deo
739 3821 864 3920 plenus
876 3821 963 3920 jaci,
982 3820 1050 3894 acsi
1068 3821 1142 3919 ipse
1158 3820 1265 3893 vellet
1282 3832 1405 3894 contra
1421 3845 1557 3894 morem
1573 3821 1609 3893 in
1626 3820 1723 3894 lectu
1736 3820 1858 3920 jacere
1868 3822 2086 3898 dormiendo

642 3941 816 4015 Dormivit
834 3954 966 4026 tamen,
984 3940 1044 4014 sed
1062 3951 1234 4038 quantum
1252 3939 1450 4015 dormiebat
1468 3940 1537 4014 hoc
1552 3938 1710 4015 faciebat
1726 3965 1846 4016 coram
1863 3942 1964 4016 altari
1982 3941 2086 4017 beate

640 4061 782 4159 virginis
802 4060 872 4134 Dei
891 4061 1071 4160 genitricis
1088 4060 1212 4134 sedens
1229 4061 1284 4135 vel
1312 4061 1513 4159 prostratus,
1540 4058 1601 4133 ubi
1629 4061 1738 4138 etiam
1764 4060 1898 4136 solebat
1921 4061 2087 4137 noctibus

640 4179 861 4278 hyemalibus
873 4205 1042 4280 magnam
1059 4191 1197 4281 partem
1215 4181 1332 4255 noctis
1350 4181 1549 4279 expendere
1567 4180 1603 4255 in
1621 4181 1860 4275 citharizando
1878 4205 1959 4255 cum
1977 4182 2087 4255 canti·

641 4301 730 4375 lenis
748 4326 818 4399 que
837 4313 1006 4375 vocantur
1026 4301 1212 4375 “molete”
1233 4301 1278 4375 ad
1292 4301 1462 4376 honorem
1475 4301 1597 4375 santte
1615 4301 1759 4402 virginis
1771 4301 1890 4376 matris
1907 4301 2024 4388 edite;
2042 4302 2088 4376 de

642 4422 699 4496 die
712 4447 794 4495 vero
804 4419 950 4495 sedebat
962 4422 1037 4496 fere
1048 4423 1184 4520 semper
1192 4421 1296 4520 juxta
1307 4422 1432 4496 ostium
1443 4420 1601 4507 ecclesie,
1615 4421 1817 4521 psalterium
1828 4446 1892 4521 pro
1904 4447 2003 4496 more
2016 4421 2090 4497 die·

642 4544 705 4617 tim
719 4565 937 4643 percurrens,
955 4542 1071 4640 sporta
1083 4541 1189 4640 juxta
1205 4566 1350 4615 manum
1368 4542 1445 4640 ejus
1459 4540 1572 4640 polita
1584 4542 1753 4617 continue
1766 4542 1802 4617 in
1815 4568 1888 4642 qua
1901 4543 2003 4642 panis
2015 4558 2090 4618 erat

643 4674 741 4737 tante
760 4662 977 4737 abundantia
995 4672 1033 4735 ut
1050 4661 1167 4736 nullus
1184 4687 1321 4762 pauper
1338 4662 1383 4736 de
1401 4661 1464 4735 sub
1487 4687 1595 4736 manu
1619 4661 1695 4762 ejus
1718 4662 1901 4737 recederet
1924 4664 2091 4762 quendus

644 4785 729 4882 quia
741 4808 941 4858 necvacuus
959 4782 1043 4883 quin
1055 4784 1174 4857 secum
1187 4781 1320 4882 aliquid
1332 4783 1547 4881 asportaret3
1565 4782 1660 4856 unde
1672 4806 1768 4881 penu
1785 4784 2088 4883 omniumpaupe·

644 4929 719 4978 rum
734 4903 828 4978 adse
846 4903 1110 4989 confluentium,
1129 4915 1167 4977 ut
1181 4901 1244 5001 ipsi
1258 4901 1438 4987 dicebant,
1456 4901 1550 4977 bono
1568 4903 1686 4977 omine
1700 4901 1907 4978 abundabat
1918 4928 1962 4978 ex
1975 4904 2090 5003 gratia
