4716 6428
657 708 726 784 186
1008 702 1326 780 CHRONICA
1359 701 1443 776 DE.
1469 697 1765 821 MAlLROS3
1875 698 1974 775 An.
1997 700 2106 778 1262.

654 945 804 1020 quorum
822 944 970 1018 corpora
988 917 1035 992 ad
1053 918 1268 993 Melrolenle
1286 916 1474 992 cenobium
1492 916 1570 989 sunt
1588 914 1719 999 delata,
1744 926 1853 1014 atquc
1874 914 1911 988 in
1936 913 1996 990 die
2018 939 2108 999 cene

655 1040 846 1115 honorilice
864 1039 1038 1114 tumulata
1066 1038 1173 1139 [Maij
1198 1037 1273 1138 18].

705 1160 844 1236 Eodem
863 1184 956 1234 anno
974 1159 1062 1234 obiit
1081 1158 1220 1234 Alanus
1236 1159 1423 1258 episcopus
1441 1156 1614 1257 Ergadie,
1632 1156 1690 1231 cui
1709 1154 1867 1231 luccellit
1887 1153 2109 1232 Laurencius

658 1281 735 1381 [de]
759 1281 931 1380 Ergadia,
948 1282 1058 1355 frater
1075 1280 1121 1353 de
1138 1278 1262 1354 ordine
1280 1278 1577 1378 praedicatorum.⁸

659 1621 857 1706 Quouraru,
872 1631 911 1691 ut
921 1619 1007 1693 dicit
1022 1618 1164 1716 Papias,
1179 1616 1404 1691 distinetione
1414 1616 1518 1690 tertia
1533 1613 1776 1701 Elementarii,
1794 1613 1974 1690 Chronica
1987 1615 2109 1691 dicun-
2167 1623 2214 1679 fol·
2228 1631 2276 1682 6⁰·

754 1751 810 1813 tur
837 1740 1077 1813 enarrationes
1103 1750 1301 1837 temporum
1326 1737 1599 1835 preteritorum
1626 1735 1682 1809 vel
1715 1734 1894 1811 Chronica
1914 1737 2109 1812 secundum

754 1859 934 1959 quendam
952 1859 1061 1932 alium
1077 1857 1218 1957 poliunt
1235 1857 1305 1931 dici
1327 1856 1434 1932 testes
1447 1855 1628 1955 temporis,
1651 1855 1922 1931 dilucidatioues
1939 1858 2110 1944 veritatis

755 1981 924 2054 memorie
952 1978 1218 2077 recordationis,
1241 1978 1372 2070 nuncia
1400 1975 1600 2061 vetustatis3
1627 1974 1709 2051 ideo
1734 1975 1921 2076 postquam
1948 1977 2112 2077 injundta
2173 2027 2187 2055 .

753 2103 821 2176 luit
838 2100 944 2175 michi
963 2126 1048 2174 cura
1066 2099 1311 2173 chronicorum
1329 2096 1573 2172 faciendorum
1590 2096 1725 2196 placuit
1739 2122 1905 2172 revocare
1918 2097 1965 2172 ad
1976 2123 2112 2173 memo-

755 2224 842 2296 riam
853 2221 1023 2295 nonnulla
1035 2219 1230 2304 miracula,t
1241 2244 1322 2293 cum
1336 2217 1539 2317 adjectione
1553 2217 1815 2291 enarrationum
1828 2228 2028 2318 temporum
2037 2220 2114 2292 suc-

754 2342 969 2425 cedentium,
987 2341 1115 2439 partim
1133 2339 1179 2413 ab
1198 2339 1329 2413 eisdem
1345 2351 1577 2422 narratarum,
1595 2338 1723 2437 partim
1738 2364 1761 2411 a
1773 2337 1906 2438 meipso
1919 2339 2111 2414 narranda·

755 2488 843 2546 rum,
874 2488 944 2560 que
968 2462 1013 2535 de
1031 2461 1206 2560 preteritis
1235 2458 1454 2559 temporibus
1479 2460 1558 2532 sunt
1584 2457 1706 2532 omiffa
1725 2485 1748 2532 a
1765 2459 2032 2559 cronographis,
2049 2462 2112 2560 qui

755 2607 875 2657 curam
893 2583 1113 2655 cronicorum
1130 2591 1213 2653 ante
1231 2605 1289 2678 me
1306 2578 1494 2678 gofferunt.
1550 2578 1741 2680 Indignum
1759 2579 1854 2654 enim
1871 2579 1923 2653 est
1939 2592 1980 2653 ut
1996 2593 2112 2679 prete·

755 2715 896 2777 reantur
913 2725 984 2774 non
1003 2701 1129 2799 scripta
1147 2725 1192 2774 ea
1208 2699 1378 2773 miracula
1395 2725 1466 2798 que
1486 2698 1589 2774 Deus
1605 2699 1692 2774 lecit
1718 2725 1781 2799 pro
1804 2700 1886 2774 viris
1907 2700 2114 2777 orthodoxis

756 2839 838 2887 vere
862 2813 1060 2887 sanctitatis
1083 2811 1267 2910 multiplici
1298 2811 1437 2896 merito,
1468 2812 1504 2885 in
1535 2813 1816 2913 congregatione
1844 2812 2112 2888 Melrolenfium

756 2934 1010 3009 monachorum
1027 2932 1210 3032 insignitis.
1264 2931 1313 3005 Et
1330 2931 1461 3006 idcirco
1486 2933 1657 3032 imprimis
1675 2933 1858 3032 cujusdam
1875 2932 2017 3035 glorioli
2033 2960 2109 3008 mo·

688 3122 693 3132 .
758 3054 863 3128 nachi
882 3053 1039 3152 ejusdem
1057 3052 1196 3127 cenobii
1213 3053 1420 3127 memoriam
1438 3065 1474 3126 et
1492 3079 1622 3128 nomen
1636 3054 1694 3127 hic
1711 3066 1845 3128 retexo.

682 3255 685 3259 .
710 3195 807 3272 Fnrr
819 3197 854 3268 in
869 3194 995 3269 diebus
1008 3194 1218 3270 venerabilis
1236 3170 1376 3269 abbatis
1393 3194 1438 3268 de
1458 3195 1592 3268 Meiros
1608 3195 1727 3270 Adam
1741 3196 1786 3269 de
1803 3195 2021 3272 Harcnrresu
2033 3199 2111 3296 qui·

657 3319 739 3391 dam
758 3317 847 3391 alius
867 3315 986 3389 Adam
1003 3340 1110 3415 quem
1124 3315 1301 3388 nominavi
1315 3315 1535 3389 Monachum
1547 3316 1749 3415 gloriosum,
1762 3317 1808 3392 de
1819 3318 2000 3417 provincia
2013 3316 2111 3393 Ebo-

658 3436 789 3511 racenfi
808 3437 987 3510 oriundus.
1026 3434 1097 3510 Hic
1115 3461 1197 3510 cum
1214 3435 1371 3534 quadam
1388 3435 1447 3510 die
1465 3435 1550 3509 ellet
1568 3438 1604 3510 in
1622 3437 1791 3536 pomaerio
1805 3439 1943 3537 praefati
1957 3437 2110 3525 cenobii,

656 3583 727 3630 non
745 3559 816 3632 hnc
834 3557 983 3655 alicujus
1001 3557 1161 3631 utilitatis
1179 3558 1297 3642 causa,
1315 3580 1398 3630 mox
1419 3568 1458 3630 ut
1482 3556 1616 3630 audivit
1638 3558 1791 3657 primum
1815 3557 1953 3659 lignum
1976 3561 2112 3660 vesper·

656 3681 728 3752 tine
751 3680 921 3777 synaxeos
947 3678 1134 3777 pulsatum,
1160 3702 1353 3777 properans
1375 3677 1422 3750 ad
1445 3676 1629 3752 eccleliam
1655 3678 1742 3753 vidit
1764 3679 1903 3754 eminus
1925 3680 2111 3780 posticium

657 3810 757 3896 porte
775 3824 838 3897 per
855 3798 952 3896 quod
965 3798 1042 3895 jam
1060 3798 1167 3896 paulo
1185 3810 1268 3872 ante
1287 3797 1445 3872 tranfiret
1462 3799 1686 3897 patefadtum
1703 3824 1785 3873 cum
1811 3800 1941 3875 rediret
1963 3813 2047 3875 ante
2074 3803 2110 3874 se

657 3921 732 3990 sera
750 3919 892 3991 firmiter
910 3917 1122 4002 obseratum,
1145 3916 1377 3992 claudebatur
1399 3917 1554 3992 limiliter
1574 3930 1611 3993 et
1631 3931 1734 4018 porta
1756 3919 1901 4021 grandis
1921 3921 2012 3995 illius
2032 3923 2110 4020 pof-

657 4038 729 4109 ticii
748 4039 823 4110 sera
840 4037 1030 4120 fortilhma‚
1050 4037 1144 4110 unde
1162 4038 1247 4136 quid
1265 4048 1350 4111 tunc
1367 4051 1492 4138 ageret
1516 4040 1661 4113 omnino
1682 4041 1868 4141 ignoravit.
1921 4041 2019 4114 Dum
2042 4042 2109 4115 ita-

657 4183 728 4256 que
745 4156 851 4229 staret
868 4169 951 4230 ante
969 4169 1107 4255 portam
1125 4158 1160 4230 in
1178 4157 1342 4256 augustia
1359 4159 1474 4234 cordis
1491 4161 1554 4243 sui,
1573 4185 1658 4236 ecce
1675 4161 1790 4236 subito
1813 4161 1977 4235 divinitus
2002 4161 2108 4260 posti·

658 4279 751 4350 cium
765 4302 827 4375 per
845 4278 880 4350 se
899 4288 1061 4375 apertum
1079 4277 1129 4351 est
1146 4277 1192 4361 ei,
1210 4302 1273 4375 per
1291 4279 1387 4376 quod
1406 4279 1451 4352 ad
1469 4291 1591 4354 votmn
1615 4281 1733 4355 exivit.
1787 4280 1843 4354 Ex
1867 4305 1940 4379 qua
1962 4306 2000 4355 re
2023 4306 2109 4381 pen-

659 4397 806 4471 sandum
824 4397 989 4495 estquod
1007 4398 1042 4471 se
1060 4397 1156 4471 facili
1182 4397 1323 4471 intravit
1348 4399 1384 4473 in
1407 4424 1557 4499 regnum
1578 4402 1748 4489 celorum,
1766 4402 1828 4503 qui
1847 4400 1894 4476 de
1914 4411 1989 4476 tam
2011 4403 2108 4476 facili

656 4519 783 4591 meruit
811 4517 943 4592 habere
967 4516 1150 4616 posticium
1174 4518 1311 4592 fortiter
1335 4519 1492 4594 clausum
1513 4548 1535 4595 a
1558 4522 1639 4596 Deo
1660 4522 1707 4598 fic
1729 4521 1792 4597 fibi
1816 4523 2018 4598 reseratum.
2074 4522 2109 4597 O

691 4775 752 4827 'At
764 4774 810 4827 the
823 4776 926 4827 hottom
938 4772 969 4826 ot'
983 4771 1035 4826 this
1054 4791 1119 4843 page
1137 4791 1181 4826 are
1200 4773 1300 4828 several
1317 4774 1383 4828 lines
1402 4776 1506 4829 written
1519 4775 1582 4830 nith
1601 4795 1618 4830 a
1634 4776 1709 4848 style,
1724 4777 1880 4849 apparently
1892 4777 2000 4833 relative
2018 4788 2048 4832 to
2062 4777 2110 4831 the

654 4860 738 4928 abbey
751 4859 782 4911 ol
792 4860 870 4921 Deer,
886 4860 932 4911 but
944 4858 1008 4928 they
1019 4875 1064 4911 are
1076 4868 1122 4912 too
1134 4857 1213 4911 much
1226 4857 1336 4913 delaced
1347 4869 1377 4913 to
1385 4861 1419 4913 be
1431 4860 1531 4930 legible.
1648 4861 1657 4892 ¹
1674 4861 1734 4916 The
1747 4861 1820 4916 word
1835 4871 1853 4893 ‘⁴
1861 4863 2000 4918 miracula”
2012 4863 2034 4917 is
2047 4862 2109 4917 here

655 4943 768 4995 inserted
780 4943 845 4996 srorn
855 4943 901 4996 the
914 4943 1019 5011 margin.
1129 4941 1142 4964 ¹¹
1159 4942 1314 4996 Translated
1327 4954 1355 4997 to
1370 4942 1485 4998 Meirose
1497 4944 1544 5000 6th
1560 4945 1663 5016 August
1678 4949 1754 5010 1219,
1769 4946 1822 5002 and
1834 4947 1896 5002 died
1907 4948 1935 5002 in
1948 4950 2024 5002 1245.
