4710 6434
613 725 687 804 206
961 722 1280 799 CHRONICA
1313 721 1389 797 DE
1423 717 1714 795 MAILROS.
1761 728 1765 733 '
1834 717 2065 798 A.D.1268.

614 942 740 1015 mirum
758 937 1012 1035 exhibitionem
1024 937 1128 1011 unius
1145 935 1288 1010 alterius
1301 933 1400 1033 quali
1413 932 1599 1008 confimilis
1611 931 1769 1007 miraculi
1788 958 1810 1006 a
1824 932 1907 1007 Deo
1924 946 2067 1034 propter

618 1061 800 1136 Simonem
819 1058 1015 1158 apostolum
1032 1068 1284 1158 perpetratam.
1315 1152 1319 1159 1
1337 1054 1401 1129 Est
1418 1055 1529 1154 igitur.
1543 1054 1761 1153 comparatio
1779 1079 1862 1128 mea
1879 1054 1972 1131 talis.
2029 1055 2069 1132 Si

613 1180 757 1255 morbus
771 1206 793 1253 a
807 1178 981 1280 burgense
994 1177 1092 1279 quali
1103 1176 1360 1277 aliquantulum
1372 1176 1508 1250 eminus
1519 1175 1683 1249 veniente
1697 1173 1743 1248 ad
1756 1174 1885 1273 pedem
1901 1174 2072 1260 Simonis,

615 1300 733 1375 adhuc
757 1325 829 1374 non
852 1301 924 1374 viso
949 1299 1042 1399 pede
1069 1299 1223 1373 Simonis
1248 1297 1295 1372 ad
1320 1320 1429 1396 quern
1454 1294 1730 1370 deosculandum
1757 1293 1939 1396 burgenlis
1964 1310 2069 1396 prout

615 1421 724 1496 valuit
746 1422 947 1505 maturavit,
965 1420 1109 1494 omnino
1127 1419 1273 1518 fugatus
1290 1417 1341 1491 est
1365 1416 1411 1491 ab
1436 1417 1511 1515 ipso
1530 1428 1724 1516 antequam
1749 1416 1915 1514 potuiliet
1938 1417 2067 1516 pertin·

615 1566 700 1641 gere
719 1541 766 1615 ad
783 1539 924 1640 pedem,
942 1552 982 1613 ut
998 1540 1149 1615 habetur
1167 1539 1341 1638 superius3
1366 1562 1485 1625 nonne
1509 1536 1630 1622 habet,
1648 1537 1743 1612 salva
1759 1538 1960 1612 reverentia
1976 1539 2069 1638 prin·

615 1661 702 1761 cipis
719 1662 967 1761 apostolorum,
985 1660 1108 1736 Simon
1125 1659 1189 1735 iste
1207 1658 1404 1758 comparari
1421 1656 1539 1731 eidem
1556 1657 1692 1731 Simoni
1710 1657 1847 1756 majori,
1860 1658 1922 1758 qui
1941 1671 1978 1733 et
1995 1659 2070 1758 ipse

615 1780 700 1856 dum
722 1793 916 1856 maturaret
934 1781 1053 1855 venire
1078 1780 1123 1854 ad
1145 1780 1290 1855 domum
1307 1777 1489 1879 cujusdam
1513 1777 1705 1877 predivitis,
1729 1776 1868 1852 demon·
1882 1777 2069 1854 crudeliffi·

614 1927 693 1978 mus
710 1903 771 2002 qui
789 1893 1026 2000 occupaverat
1045 1926 1066 1974 a
1084 1900 1231 2001 septimo
1249 1901 1354 1974 etatis
1367 1901 1427 1974 sue
1446 1922 1542 1974 anno
1552 1899 1709 1998 puellam
1725 1896 1834 1973 filiam
1851 1897 1956 1998 iplius
1971 1898 2067 1975 locu·

614 2023 730 2123 pletis,
748 2023 858 2122 usque
876 2023 923 2117 ad
940 2021 1142 2096 vicefimum
1159 2045 1291 2095 annum
1309 2022 1369 2094 sue
1388 2020 1503 2106 etatis,
1522 2032 1715 2119 antequam
1733 2020 1850 2118 potuit
1871 2019 2015 2095 introire
2031 2021 2069 2095 in

614 2141 771 2228 domum,
796 2143 848 2216 ita
871 2143 985 2217 subito
1003 2167 1065 2242 pre
1090 2143 1216 2216 timore
1236 2141 1332 2216 Petri
1358 2143 1505 2241 fugatus
1526 2141 1577 2215 est
1601 2138 1649 2215 ab
1674 2140 1735 2214 illa
1758 2153 1799 2215 ut
1823 2165 1896 2215 non
1921 2139 2068 2216 auderet

614 2263 805 2364 expectare
823 2263 1004 2337 introitum
1023 2262 1136 2348 Petri;
1161 2286 1280 2336 nonne
1292 2261 1399 2361 justa,
1417 2261 1545 2335 iterum
1562 2260 1654 2346 dico
1673 2261 1892 2360 comparatio
1910 2260 1963 2335 est
1979 2262 2069 2336 inter

613 2408 784 2484 maguum
812 2384 995 2459 Simonem
1020 2395 1058 2457 et
1084 2383 1267 2458 Simonem
1293 2380 1339 2456 de
1366 2380 1494 2455 Monte
1520 2379 1631 2465 Forti,
1658 2380 1743 2454 dum
1768 2380 1933 2456 veniente
1963 2382 2070 2458 Petro

618 2505 764 2594 Simone
783 2504 829 2578 ad
846 2503 1015 2603 puellam,
1033 2503 1147 2578 subito
1164 2505 1349 2602 fugaretur
1367 2499 1497 2576 demon
1515 2502 1604 2601 ejus,
1622 2512 1661 2575 ut
1682 2500 1820 2576 dictum
1838 2502 1901 2587 est,
1920 2515 1957 2577 et
1974 2503 2068 2578 veui-

615 2638 697 2699 ente
716 2624 890 2725 burgense
907 2626 1025 2698 versus
1042 2624 1172 2722 pedem
1194 2622 1348 2697 Simonis
1365 2622 1480 2697 subito
1497 2622 1681 2721 fugaretur
1705 2621 1836 2697 demon
1859 2622 2071 2709 infirmitatis

615 2745 692 2845 ejus
714 2745 916 2844 priusquam
933 2744 1045 2818 valuit
1070 2743 1117 2817 ad
1142 2744 1272 2843 pedem
1298 2742 1483 2828 accedere,
1509 2754 1613 2842 prout
1636 2743 1796 2842 prefatus
1819 2745 1916 2819 sum?
1971 2743 2071 2819 Ecce

615 2863 803 2963 utrobique
820 2864 1047 2961 miraculum
1073 2864 1133 2938 sed
1150 2864 1267 2963 majus
1284 2861 1379 2938 cedit
1402 2862 1528 2938 merito
1546 2863 1672 2961 majori
1693 2863 1829 2938 Simoni
1847 2863 2069 2949 miraculum,

613 2985 729 3059 minus
752 3010 835 3060 vero
861 2985 987 3059 minori
1012 2984 1161 3059 Simoni.
1214 2984 1337 3083 Majus
1362 2984 1457 3058 enim
1482 2984 1690 3059 miraculum
1714 2995 1791 3059 erat
1816 2982 1912 3084 quod
1938 2983 2069 3059 demon

614 3106 675 3205 qui
701 3104 872 3180 docuerat
896 3106 1065 3205 puellam,
1089 3129 1198 3204 quam
1223 3104 1415 3190 nominavi,
1438 3129 1501 3204 pre
1526 3105 1710 3180 nimietate
1733 3103 1862 3179 furoris
1886 3103 2069 3189 fortiffimi,

614 3224 826 3301 accedentes
852 3226 899 3300 ad
924 3227 959 3301 se
985 3225 1146 3301 homines
1170 3226 1339 3312 scindere,
1366 3224 1549 3311 dilaniare,
1576 3225 1817 3325 mortibusque
1843 3225 2070 3327 disrumpere,

613 3357 649 3421 et
672 3359 712 3421 ut
734 3359 834 3446 patet
858 3347 906 3422 ibi
932 3348 1028 3423 idern
1051 3346 1181 3422 demon
1199 3348 1277 3447 ejus
1301 3347 1422 3422 docuit
1444 3372 1526 3420 eam
1551 3346 1700 3422 reddere
1725 3346 1858 3422 multos
1875 3346 2016 3421 inutiles
2033 3358 2071 3421 ct

614 3468 798 3554 invalidos,
815 3468 1004 3544 nonnullos
1027 3480 1148 3543 autem
1170 3469 1314 3543 omnino
1332 3469 1522 3569 perimere3
1548 3492 1619 3567 que
1637 3467 1756 3541 omnia
1773 3467 1869 3541 mala
1886 3478 2071 3566 perempta

613 3589 692 3663 lunt
709 3589 745 3662 in
763 3589 823 3663 illa
836 3590 882 3664 ad
900 3589 1050 3689 gloriam
1067 3588 1195 3663 Christi
1210 3600 1246 3663 et
1261 3589 1371 3674 Petri,
1384 3599 1597 3688 properante
1614 3588 1759 3662 Simone
1775 3588 1882 3663 Petro
1897 3586 1943 3663 ad
1960 3587 2068 3672 illam,

614 3720 653 3782 ut
669 3721 769 3808 patet
791 3709 827 3783 in
851 3708 993 3784 historia
1014 3710 1223 3795 Clementis,
1240 3708 1331 3783 libro
1348 3709 1409 3808 xj,
1427 3708 1464 3782 in
1481 3709 1552 3783 line
1574 3707 1665 3782 libri.
1718 3706 1769 3783 Et
1790 3707 1838 3783 lic
1854 3720 1955 3809 patet
1972 3709 2070 3809 quod

602 3830 728 3929 majus
752 3830 961 3904 miraculum
985 3829 1080 3905 ceffit
1103 3830 1222 3916 Petro,
1249 3831 1365 3904 minus
1387 3854 1471 3904 vero
1492 3828 1631 3903 Simoni
1656 3854 1764 3929 quem
1787 3829 1961 3904 minorem
1984 3828 2072 3914 dixi,
2099 3839 2145 3897 ror.
2158 3844 2204 3895 ⁶⁸·
2219 3843 2246 3896 b·

613 3949 776 4022 nimirum
802 3950 888 4050 quia
912 3950 1029 4025 minus
1055 3962 1130 4025 erat
1158 3951 1194 4024 in
1219 3949 1380 4050 milluplo
1406 3950 1452 4024 de
1478 3949 1622 4025 malicia
1646 3950 1683 4024 in
1709 3949 1861 4025 demone
1887 3949 2069 4049 burgeniis

614 4070 820 4169 egrotantis,
838 4095 947 4169 quam
970 4071 1006 4144 in
1030 4069 1182 4146 demone
1204 4069 1413 4145 serocillrmo
1431 4071 1550 4170 puelle
1568 4070 1774 4146 atrociffime
1793 4069 2010 4154 debacantiS,
2029 4083 2068 4143 ut

613 4200 714 4288 patet
736 4215 780 4263 ex
798 4188 1025 4265 durabilitate
1048 4203 1085 4267 et
1107 4190 1309 4291 quantitate
1334 4191 1477 4292 majoris
1499 4202 1537 4266 et
1559 4192 1704 4267 minoris
1727 4189 1869 4265 malicie
1886 4188 2067 4287 utriusque

613 4308 785 4384 demonis.
1327 4408 1332 4416 g

664 4429 777 4505 Modo
795 4432 909 4506 rursns
926 4430 1072 4507 obsecro
1089 4431 1246 4531 illosqui
1269 4431 1397 4507 lecturi
1418 4432 1497 4506 lunt
1514 4457 1623 4508 unam
1641 4431 1746 4508 aliam
1764 4428 2067 4530 comparationem

612 4551 702 4626 inter
720 4551 899 4652 premiffos
917 4552 1091 4637 Simoues,
1110 4563 1237 4627 utnon
1256 4552 1484 4655 indignentur
1501 4565 1624 4629 contra
1641 4579 1711 4640 me,
1730 4553 1816 4654 quia
1832 4551 1925 4626 hanc
1943 4549 2066 4625 estimo

611 4672 772 4771 premilla
791 4672 1056 4772 comparatione
1074 4671 1372 4749 excellentiorem.
1427 4674 1525 4761 Quid
1543 4675 1637 4748 enim
1655 4672 1885 4749 excellentius
1903 4671 1954 4747 est
1976 4671 2066 4745 inter

611 4788 784 4878 homines,
802 4794 858 4867 vel
880 4793 916 4867 in
940 4792 1016 4892 ipsa
1038 4818 1155 4867 rerum
1180 4806 1307 4869 natura
1325 4794 1568 4870 rationabilius
1585 4793 1905 4895 preexcellentibus
1923 4816 2065 4892 compa·

609 4911 804 4988 rationibus
816 4913 911 5013 juste
929 4914 1126 4989 enarratis?
1157 4913 1263 4990 Tunc
1280 4917 1375 4992 enim
1387 4915 1482 5017 juste
1499 4925 1725 5015 comparatur
1741 4914 1861 5000 homo,
1877 4912 1905 4989 fi
1921 4936 2065 5010 compa·
