4716 6428
371 929 470 1003 ΑΒ.
494 934 600 1011 1209.
724 927 1044 1004 CHRONICA
1077 930 1154 1005 DE
1192 928 1486 1007 MAILROS.
1760 949 1829 1024 lus)

416 1149 522 1224 Circa
540 1148 667 1222 festum
687 1149 799 1222 sancti
819 1147 965 1221 Martini
998 1146 1110 1246 [Nov.
1134 1147 1194 1245 ll]
1225 1160 1396 1222 venerunt
1416 1148 1487 1221 duo
1506 1151 1673 1251 episcopi,
1697 1155 1824 1231 scilicet

363 1269 408 1343 de
431 1268 583 1343 Salesbir
601 1280 638 1343 et
665 1267 711 1341 de
740 1266 948 1341 Roucestria
974 1268 1010 1340 in
1041 1266 1221 1351 Scotiam,i
1248 1294 1400 1367 quorum
1425 1270 1514 1343 alter
1538 1272 1634 1372 apud
1664 1274 1827 1350 Kolchou

362 1402 601 1465 commoratus
629 1389 691 1473 est,
723 1388 853 1462 scilicet
888 1387 1165 1472 Salesberiensm,
1202 1388 1290 1461 alter
1322 1403 1442 1464 autem
1479 1392 1574 1489 apud
1608 1392 1825 1482 Rokesburc‚

361 1525 511 1611 uterque
538 1510 686 1610 propriis
712 1507 894 1608 expensis3
921 1508 1051 1607 quibus
1069 1507 1282 1582 venerabilis
1309 1535 1370 1582 rex
1393 1509 1516 1584 Scotio
1542 1512 1685 1587 honoris
1710 1518 1825 1614 gratia

360 1632 457 1707 dedit
470 1631 658 1731 octoginta
671 1630 808 1704 celdras
821 1628 1001 1713 frumenti,
1016 1640 1053 1701 et
1064 1628 1145 1726 huj.
1165 1627 1211 1702 do
1223 1626 1359 1713 braisro,
1375 1641 1411 1703 ot
1429 1630 1616 1729 otloginta
1634 1632 1679 1707 de
1698 1660 1823 1709 arena.

409 1752 536 1825 Abbas
554 1750 599 1824 de
621 1750 743 1849 Cupro
763 1747 939 1823 Ricardus
957 1748 1064 1833 cellit,
1084 1759 1120 1821 et
1140 1748 1346 1822 Alexander
1364 1750 1396 1822 ei
1415 1751 1603 1825 succeslit.¹‘

409 1871 517 1946 Anno
534 1896 669 1945 arcon.
689 1868 777 1943 obiit
797 1868 972 1943 Ricardus
990 1869 1175 1968 episcopus
1194 1869 1238 1941 de
1259 1868 1467 1943 Dunkeldin
1486 1873 1604 1945 mense
1625 1873 1748 1947 oraio}

408 1990 457 2065 Et
477 1990 638 2064 Thomas
656 1991 701 2063 dc
723 1989 902 2063 Colouilla
920 1999 1045 2087 captus
1064 1988 1114 2062 est
1133 2001 1168 2062 ct
1187 1990 1283 2089 apud
1303 1989 1495 2063 Edenburc
1513 1992 1670 2067 custodie
1689 1998 1821 2069 manci·

357 2124 471 2210 patur,
490 2122 634 2212 propter
652 2110 865 2184 sedicionem
884 2134 992 2207 quam
1018 2120 1141 2182 contra
1165 2135 1288 2209 regem
1306 2111 1406 2183 suum
1425 2122 1460 2183 et
1480 2111 1661 2186 dominum
1686 2117 1819 2190 maehi-

356 2244 462 2306 natus
479 2231 542 2317 est,
561 2242 599 2304 ut
617 2231 765 2305 infamia
781 2228 957 2302 narrando
971 2229 1114 2313 clamat,
1128 2230 1188 2328 qni
1209 2229 1253 2303 ad
1272 2228 1399 2303 festum
1414 2231 1524 2304 south
1541 2231 1688 2307 Martini
1706 2235 1817 2333 [Nor.

361 2352 420 2451 ll]
441 2354 477 2426 se
494 2351 681 2427 redemit.m

406 2471 531 2547 Mense
550 2471 659 2547 Junio
674 2470 858 2546 Johannes
876 2496 937 2545 rex
954 2469 1088 2570 Anglio
1102 2482 1323 2570 congregato
1342 2470 1499 2543 exercitu
1516 2470 1737 2571 Hiberniam
1757 2475 1817 2549 sibi

354 2591 571 2693 subjugarim
595 2592 735 2666 rediens
754 2605 874 2664 autem
893 2590 938 2663 de
959 2588 1147 2688 Hybernia
1160 2590 1354 2665 monachos
1376 2589 1626 2666 Cistercienses
1644 2594 1679 2665 in
1698 2596 1817 2669 multis

353 2714 554 2811 expoliavit.
610 2712 644 2785 A
663 2711 841 2787 Jndeis¹¹¹¹sn
861 2723 981 2784 antem
1000 2710 1172 2809 quicquid
1195 2712 1270 2784 sere
1289 2710 1470 2785 habebant
1489 2712 1666 2797 ariserens,
1686 2717 1817 2813 eosque

352 2858 372 2905 a
391 2833 556 2907 domibus
574 2834 642 2907 suis
661 2832 866 2915 excludens,
891 2830 1102 2929 quibusdam
1121 2830 1244 2904 oculos
1263 2856 1401 2915 eruens,
1426 2831 1597 2929 quosdam
1621 2835 1717 2907 same.
1738 2860 1815 2933 per·

350 2954 449 3037 denS,
467 2978 592 3027 omnes
615 2954 650 3026 in
674 2964 776 3025 tanta
801 2949 1004 3024 necessitate
1028 2950 1159 3049 dejecit
1183 2951 1353 3049 pericula,
1372 2964 1411 3024 ut
1430 2951 1537 3025 Jndei
1565 2952 1815 3027 aChrillianis

351 3074 383 3145 in
402 3074 546 3147 nomine
560 3072 645 3148 Jesu
662 3072 789 3146 Christi
809 3071 986 3144 hostiatim
1001 3071 1134 3143 victum
1153 3070 1416 3156 mendicabant,
1431 3083 1467 3145 et
1484 3073 1616 3146 famem
1636 3074 1719 3172 palli
1737 3077 1815 3148 sunt

351 3209 388 3268 ut
405 3220 525 3279 canes,
545 3210 582 3269 cr
599 3193 812 3267 circuierunt
830 3192 1007 3276 civitatem
1036 3202 1075 3263 ut
1098 3190 1415 3289 praeostenderetur
1433 3192 1478 3265 ad
1497 3192 1634 3266 literam
1657 3195 1743 3291 quid
1768 3196 1813 3267 de

349 3314 414 3389 illis
430 3327 619 3389 venturum
636 3312 677 3386 fit
695 3311 929 3412 spiritualiter,
948 3311 1036 3384 teste
1056 3310 1237 3409 Propheta
1255 3312 1315 3409 qui
1336 3311 1432 3396 dicit,
1453 3325 1475 3356 “
1486 3310 1748 3387 Convertentur
1766 3317 1812 3387 ad

348 3437 565 3535 resperam‚''
585 3447 654 3507 etc.
703 3432 811 3518 Quod
829 3456 910 3505 cum
924 3431 1000 3531 regi
1017 3430 1233 3504 Francorum
1251 3431 1415 3515 innotuit,
1434 3432 1545 3505 sciens
1564 3432 1585 3506 J
1589 3432 1711 3512 ndeos,
1732 3435 1811 3507 lieet

347 3557 504 3629 locorum
523 3553 715 3629 intervallis
731 3552 841 3652 longo
858 3552 1004 3649 lateque
1022 3576 1085 3650 per
1102 3550 1225 3624 mundi
1245 3551 1389 3624 climata
1402 3550 1585 3650 dispersos,
1600 3578 1671 3625 nno
1690 3566 1808 3625 tamen

346 3675 546 3774 eodemque
566 3674 782 3747 infidelitatis
799 3672 921 3747 sedere
939 3696 1130 3755 connexos,
1152 3683 1188 3743 et
1212 3670 1361 3743 invicem
1386 3671 1421 3743 iu
1440 3670 1569 3768 quihus
1587 3671 1725 3770 pollimt.
1749 3698 1808 3745 ne-

346 3794 560 3869 cessitatibus
578 3794 834 3878 subvenienteS,
853 3792 968 3867 subtili
986 3793 1098 3866 fretus
1117 3790 1262 3873 astucia,
1282 3815 1344 3888 per
1362 3815 1486 3864 onmes
1507 3790 1704 3865 Galliarum
1729 3819 1807 3891 pro-

347 3916 478 3989 vincias
506 3913 604 3988 hmul
632 3925 670 3987 ut
698 3939 822 3988 omnes
850 3912 957 3986 Judei
986 3910 1187 3985 carceribus
1211 3910 1498 4010 manciparentur
1522 3910 1642 3985 edixit.
1698 3912 1806 3997 Quod

345 4060 425 4107 cum
442 4034 581 4108 farrum
595 4034 646 4107 est
664 4035 774 4132 usque
793 4034 884 4107 adeo
899 4058 961 4106 eos
974 4030 1138 4104 omnihus
1152 4030 1361 4130 apporiarit,
1376 4043 1415 4103 nt
1433 4057 1499 4105 nec
1514 4029 1657 4131 sibiipsis
1671 4033 1807 4131 pollent

346 4155 539 4239 subvenire,
563 4179 702 4228 necnon
730 4165 765 4227 et
791 4152 960 4226 militibus
984 4153 1053 4225 suis
1070 4163 1180 4224 terras
1203 4153 1283 4224 suas
1308 4164 1344 4224 et
1364 4152 1496 4235 kartae,
1518 4178 1608 4250 quas
1626 4152 1731 4226 Judei
1757 4155 1806 4225 in-

346 4278 629 4376 pignoraverant,
644 4273 776 4373 absque
793 4274 916 4346 fenore
935 4272 1093 4355 restituit,
1113 4284 1148 4344 et
1162 4271 1287 4344 divites
1302 4271 1428 4344 dimisit
1442 4272 1576 4346 inance.

394 4395 535 4470 Eodem
565 4409 686 4467 autem
716 4420 809 4467 anno
839 4393 1043 4466 convocatis
1077 4390 1248 4465 Parisrus¹¹
1273 4392 1543 4490 archiepiscopis
1571 4404 1607 4465 et
1634 4394 1806 4491 episcopis

347 4518 539 4613 ceterisque
557 4514 701 4614 prelatis
719 4514 833 4587 tocius
851 4511 996 4586 ecclesie
1013 4511 1212 4595 Gallicane,
1232 4536 1312 4585 cum
1327 4512 1423 4585 omni
1439 4511 1662 4585 universitate
1676 4514 1803 4607 inagis-

392 4745 397 4765 ¹
421 4738 457 4789 At
475 4734 528 4789 this
546 4736 609 4790 time
630 4737 744 4790 Herbort
759 4736 845 4789 Poore
864 4754 918 4790 was
937 4736 1031 4805 bishop
1050 4734 1082 4787 os
1098 4736 1238 4805 Salishury,
1260 4736 1312 4789 and
1327 4736 1429 4789 Gilbert
1450 4737 1581 4791 Glnnville
1600 4738 1632 4790 os
1647 4738 1801 4791 ltochester.

348 4818 356 4847 ⁵
379 4818 444 4871 This
455 4830 532 4890 entry
544 4820 565 4873 is
578 4820 604 4872 in
617 4837 634 4873 a
645 4821 712 4873 luter
724 4820 804 4873 hund.
923 4820 930 4852 ¹
953 4819 1102 4887 According
1113 4828 1142 4871 to
1157 4821 1241 4880 Il'er'tl,
1260 4819 1294 4872 he
1308 4838 1362 4873 was
1375 4821 1466 4874 huried
1478 4834 1506 4875 at
1521 4822 1552 4875 St
1567 4822 1663 4875 Colm's
1679 4824 1752 4876 luch.
1768 4840 1802 4874 on

347 4901 578 4973 theQ‘ldofJuly,
593 4921 619 4973 p.
635 4908 678 4961 78.
788 4902 807 4925 “²
829 4904 880 4958 Sec
892 4905 1029 4970 Dorrelur'r
1043 4904 1165 4973 Pcerogm
1180 4902 1196 4955 i.
1212 4906 1273 4955 350.
1384 4902 1424 4927 “¹¹²¹
1447 4906 1489 4957 rln
1502 4917 1615 4958 account
1627 4905 1660 4957 os
1668 4906 1707 4957 hin·
1720 4907 1804 4957 eruel·

347 4986 394 5039 ries
407 4998 435 5040 to
447 4987 494 5041 the
505 4987 577 5041 Jews
590 5006 650 5058 may
662 4989 696 5041 be
708 4988 791 5041 found
803 4988 830 5041 in
844 4988 888 5041 M.
905 4990 988 5048 Puris,
1003 5006 1029 5056 p.
1047 4990 1105 5039 159.
1263 4986 1275 5009 ¹¹
1298 4987 1364 5040 This
1377 4988 1480 5041 couneil
1493 5006 1546 5041 was
1560 4988 1622 5042 held
1639 5000 1666 5041 ut
1683 4990 1761 5043 l‘aris.
1777 4992 1803 5041 in

350 5070 464 5123 October
479 5074 556 5133 1210,
574 5072 664 5135 ΗΑΛ,
680 5072 714 5125 iii.
732 5076 791 5133 161,
805 5076 867 5133 avo,
883 5072 971 5126 where
984 5088 1044 5140 may
1056 5072 1090 5124 he
1103 5069 1185 5124 sound
1198 5088 1231 5124 un
1245 5072 1359 5141 anulysis
1372 5072 1404 5126 ol'
1418 5074 1451 5125 irs
1463 5072 1633 5142 proceedinus
1646 5073 1743 5140 against
1758 5073 1799 5125 thr

347 5152 456 5209 heretica
470 5156 622 5210 mentioned
634 5156 661 5210 in
674 5157 721 5209 the
734 5168 799 5215 tent.
