4716 6428
622 684 669 766 76
973 680 1292 756 CHRONICA
1326 679 1402 754 DE
1437 679 1724 756 MAILROS.
1840 681 1940 756 Aa).
1972 682 2080 759 1156.

567 905 570 911 ’
623 899 861 974 Douenaldus
884 898 975 973 lilius
995 898 1179 973 Malcolmi
1198 896 1294 996 apud
1315 896 1477 972 Witeme
1501 909 1626 996 captus
1644 896 1706 981 est,
1731 908 1767 970 et
1784 897 2025 971 incarceratus
2048 897 2083 970 in

621 1033 716 1093 turre
734 1020 779 1093 de
801 1018 1005 1093 Rokelburc
1023 1045 1102 1092 cum
1121 1030 1222 1117 patre
1240 1021 1328 1092 su0.¹

674 1140 781 1212 Anno
807 1140 957 1238 molvij.
990 1165 1051 1213 rex
1078 1138 1292 1212 Malcolmus
1322 1138 1525 1211 Scottorum
1551 1136 1696 1211 veniens
1723 1135 1769 1210 ad
1796 1162 1919 1236 regem
1948 1135 2082 1237 Anglie

623 1258 821 1333 Hernicum
850 1259 946 1357 apud
967 1258 1138 1343 Cestram,
1167 1258 1308 1331 devenit
1332 1258 1440 1330 homo
1466 1259 1558 1341 suuS,
1586 1281 1629 1329 eo
1655 1256 1763 1329 modo
1789 1282 1861 1355 quo
1889 1283 1975 1331 avus
2001 1259 2083 1331 suus

621 1381 737 1453 fuerat
756 1380 862 1452 homo
880 1380 1008 1453 veteris
1026 1379 1119 1477 regis
1140 1375 1299 1462 Henrici,
1318 1377 1419 1450 salvis
1437 1376 1601 1449 omnibus
1618 1375 1852 1475 dignitatibus
1869 1378 1966 1450 suis.⁸

675 1497 753 1572 Rex
772 1498 949 1573 Henricus
962 1499 1113 1597 primum
1127 1498 1321 1570 exercitum
1339 1496 1438 1569 duxit
1456 1498 1491 1568 in
1509 1495 1722 1580 Walliam,⁸²
1740 1508 1776 1569 et
1795 1496 1889 1594 cepit
1905 1496 2081 1570 Rueland.

674 1618 781 1693 Anno
799 1619 961 1717 mclviij.
990 1620 1117 1691 iterum
1142 1618 1320 1690 firmatum
1346 1615 1398 1689 est
1423 1615 1606 1689 castellum
1633 1615 1678 1688 de
1706 1614 1828 1701 Werc,
1854 1617 2083 1715 praecipiente

623 1764 708 1838 rege
729 1738 892 1838 Anglie.b

673 1857 752 1931 Rex
773 1859 905 1958 Anglie
926 1856 1102 1931 Henricus
1129 1870 1164 1930 et
1184 1856 1399 1931 Malcolmus
1426 1881 1486 1929 rex
1509 1856 1712 1929 Scottorum
1740 1856 1835 1954 apud
1857 1855 1975 1930 Carlel
1999 1883 2081 1932 con·

622 1989 804 2062 venerunt,
835 1978 896 2051 sed
926 2003 996 2051 non
1022 1975 1113 2050 bene
1144 1977 1321 2075 pacificati
1349 1974 1550 2049 abinuicem
1577 1974 1814 2061 discederunt,
1840 1974 1996 2074 ideoque
2021 2004 2082 2052 rex

626 2098 829 2171 Scottorum
847 2123 918 2171 non
938 2098 1055 2171 adhuc
1073 2098 1174 2170 miles
1197 2098 1316 2170 factus
1335 2095 1413 2170 est.c

672 2216 781 2291 Anno
799 2219 937 2292 mclix.
965 2217 1053 2290 obiit
1074 2215 1276 2290 Radbertus
1294 2217 1479 2315 episcopus
1504 2216 1616 2290 sancti
1638 2216 1795 2290 Andree.

675 2335 775 2411 Obiit
789 2338 846 2437 pie
864 2337 1033 2411 memorie
1049 2335 1271 2410 Waldeuusd
1284 2335 1397 2410 abbas
1410 2336 1446 2435 ij.
1460 2336 1504 2408 de
1518 2336 1654 2410 Malros
1666 2336 1720 2435 iij⁰
1730 2362 1903 2411 nonamm
1917 2336 2081 2439 Augusti,

625 2455 740 2556 [Aug.
760 2456 813 2555 3.]
834 2458 895 2555 qui
921 2458 989 2531 fuit
1015 2457 1193 2530 awnculus
1211 2457 1304 2555 regis
1330 2455 1413 2540 Μ.,Θ
1437 2467 1473 2529 et
1494 2454 1731 2531 Willelmusel
1755 2457 1911 2556 ejusdem
1936 2457 2081 2533 ecclesie

622 2576 818 2650 monachus
844 2577 876 2650 ei
903 2576 1059 2650 succeffit
1087 2602 1119 2649 ν.
1151 2575 1323 2651 kalendas
1348 2574 1559 2649 Decembris
1588 2575 1701 2674 [Nou.
1726 2576 1806 2675 27],
1839 2578 1936 2650 etin
1963 2578 2083 2677 vigilia

622 2696 735 2769 sancti
764 2695 908 2770 Andree
941 2695 1088 2794 apostoli
1123 2695 1236 2794 [Nov.
1263 2695 1343 2794 29],
1375 2722 1445 2793 que
1476 2696 1654 2768 dominica
1685 2695 1743 2770 die
1774 2697 1903 2782 evenit,
1931 2722 1954 2770 a
1981 2696 2082 2771 Glas-

622 2814 739 2889 cuenli
757 2816 922 2914 episcopo
943 2813 1142 2890 Hereberto
1161 2814 1372 2889 benedittus
1390 2815 1441 2888 ost
1466 2816 1502 2887 in
1519 2815 1637 2889 nostra
1655 2814 1813 2889 ecclefia.

674 2934 775 3009 Obiit
790 2934 988 3009 Adrianuss
1001 2960 1096 3034 papa
1109 2935 1281 3008 kalendas
1300 2935 1399 3033 Sept.
1418 2934 1523 3033 [Sep.
1543 2934 1594 3033 1],
1612 2936 1670 3008 cui
1689 2935 1844 3009 succeffit
1865 2936 2082 3022 Alexander,

623 3056 793 3129 canonice
808 3055 945 3129 eledtus
958 3067 994 3128 et
1006 3056 1240 3139 consecratus
1253 3065 1289 3127 et
1306 3053 1514 3127 Fredericus
1525 3054 1716 3152 imperator
1727 3055 1839 3128 erexit
1849 3054 1912 3129 fibi
1923 3056 2081 3153 ydolum,

625 3174 892 3249 Octauianumg
909 3175 1039 3249 scilicet
1057 3175 1275 3272 antipapam,
1294 3199 1401 3272 quem
1419 3174 1454 3246 in
1473 3172 1662 3247 execrabili
1682 3174 1831 3247 concilio
1850 3188 1886 3249 et
1904 3177 2082 3249 conventi·

622 3296 702 3369 culo
716 3296 927 3394 sanguinum
946 3294 1041 3394 apud
1058 3294 1209 3392 Papiam
1223 3319 1304 3367 cum
1317 3294 1379 3366 sua
1397 3304 1506 3391 gente
1519 3292 1640 3366 statuit
1658 3292 1890 3380 adorandum,
1905 3307 1941 3369 et
1959 3295 2082 3369 scisma

623 3416 759 3489 latium
778 3415 881 3488 estin
900 3415 1046 3489 ecclefia
1064 3414 1177 3487 multo
1195 3425 1355 3513 tempore
1373 3412 1578 3510 perdurans.

674 3535 751 3610 Rex
772 3533 948 3609 Henricus
968 3535 1102 3634 Anglie
1123 3533 1293 3608 Tolosam
1319 3558 1400 3606 cum
1418 3533 1575 3605 exercitu
1595 3532 1693 3617 adiit,
1721 3534 1811 3607 etin
1837 3535 1964 3609 eodem
1983 3561 2080 3611 exer·

623 3657 695 3729 citu
718 3656 846 3728 mortui
876 3656 953 3728 sunt
979 3655 1131 3752 plurimi,
1159 3665 1195 3727 et
1216 3651 1417 3725 Willelmus
1444 3677 1564 3725 eomes
1584 3651 1746 3737 Bolonie‚
1765 3653 1856 3727 filius
1881 3656 1976 3754 regis
2003 3656 2080 3731 Ste-

623 3774 744 3872 phani,
763 3786 799 3847 et
820 3772 940 3846 Hamo
958 3773 1049 3846 filius
1068 3772 1207 3845 comitis
1228 3770 1449 3846 Gloucestrie
1467 3770 1648 3856 obierunt;
1675 3770 1815 3847 rediens
1834 3772 1881 3846 ab
1898 3773 1966 3847 hoc
1983 3799 2081 3848 exer·

624 3894 695 3965 citu
715 3893 930 3966 Malcolmus
957 3918 1018 3966 rex
1039 3892 1254 3975 Scottorum,
1272 3891 1392 3965 factus
1409 3891 1461 3964 est
1486 3892 1587 3965 miles
1607 3890 1761 3965 Turonis
1787 3917 1810 3965 a
1837 3918 1923 3993 rege
1943 3893 2080 3994 Auglo·

623 4037 700 4085 rum
728 4010 916 4085 Henrico.h

675 4130 875 4205 Willelmus
894 4133 1078 4232 episcopus
1094 4133 1273 4219 Murauie,
1292 4147 1328 4207 et
1343 4133 1541 4207 Nicholaus
1559 4133 1653 4233 regis
1671 4132 1873 4207 Scottomm
1891 4145 1975 4208 tunc
1991 4144 2080 4207 tem·

658 4312 668 4333 ¹
681 4314 732 4367 Sec
743 4314 847 4367 Fordan
858 4315 876 4367 i.
891 4318 959 4375 44&
975 4317 1064 4370 Clima.
1079 4317 1106 4368 S.
1127 4317 1219 4379 Crucis,
1232 4335 1258 4387 p.
1273 4321 1316 4370 32.
1426 4320 1487 4385 (24)
1501 4315 1512 4339 ¹
1525 4318 1655 4377 Hooedea,
1668 4315 1713 4370 fot.
1728 4317 2079 4381 mauretaniarum.

624 4398 707 4458 Paris,
722 4414 749 4467 p.
760 4401 804 4450 68.
888 4395 913 4420 ¹¹
927 4399 977 4451 See
988 4402 1028 4452 M.
1041 4400 1124 4461 Paria,
1140 4418 1166 4470 p.
1177 4405 1221 4454 68.
1307 4400 1460 4463 ”Havedera
1475 4401 1520 4455 fol.
1534 4405 1603 4463 2813
1619 4402 1732 4463 Fordua,
1744 4401 1761 4454 i.
1771 4405 1833 4455 449.
1925 4400 1936 4425 ⁶
1951 4403 2080 4465 Horreden,

622 4479 667 4533 fol.
682 4482 744 4533 281.
826 4480 839 4511 ‘¹
855 4481 905 4535 See
919 4482 1034 4535 Maneat.
1047 4482 1113 4535 dan.
1125 4501 1151 4553 p.
1167 4487 1228 4537 211.
1338 4484 1348 4508 ⁸
1366 4484 1509 4537 Waltbcos
1516 4502 1571 4538 was
1580 4483 1627 4538 the
1639 4494 1769 4554 youngest
1781 4501 1830 4538 son
1843 4484 1875 4537 of
1886 4482 2003 4547 Matilde,
2018 4483 2081 4539 who

518 4549 522 4557 ¹
621 4563 686 4616 toolr
698 4561 738 4616 for
751 4561 798 4615 her
810 4565 909 4617 second
920 4565 1044 4619 husband
1057 4566 1144 4619 David
1162 4567 1255 4622 Prince
1268 4568 1300 4621 os
1310 4567 1495 4629 cumberland,
1513 4567 1664 4621 afterwards
1682 4567 1744 4637 king
1756 4566 1788 4622 of
1800 4568 1934 4631 Sootland,
1952 4566 2038 4621 father
2054 4567 2087 4622 of

624 4646 749 4701 Malcolm
764 4647 810 4700 IV.
850 4649 963 4710 Fordun,
976 4650 993 4702 i.
1005 4653 1066 4711 321,
1079 4653 1140 4703 322.
1249 4652 1273 4675 ⁶⁸
1289 4652 1320 4704 ln
1333 4652 1379 4705 tlre
1392 4652 1498 4719 margin,
1514 4652 1635 4721 opposite
1648 4650 1719 4713 here,
1731 4668 1775 4705 are
1788 4651 1874 4705 added
1883 4652 1910 4704 in
1922 4651 1969 4705 red
1980 4650 2026 4705 ink
2034 4650 2082 4705 the

621 4731 716 4793 worda,
733 4740 751 4762 “
764 4731 861 4785 tercius
874 4734 955 4786 abbas
967 4732 1001 4787 de
1017 4733 1158 4787 blelrose.”
1283 4733 1294 4765 f
1310 4736 1409 4788 Adrian
1424 4736 1470 4787 1v.
1486 4752 1540 4788 was
1553 4734 1700 4788 succeeded
1712 4752 1748 4788 ou
1761 4734 1807 4789 the
1820 4735 1868 4793 7th
1880 4734 1913 4789 of
1928 4736 2083 4806 September

620 4815 656 4885 by
667 4816 816 4869 Alexander
826 4816 877 4869 111.
978 4816 990 4849 ¹
1004 4816 1142 4881 Octavian,
1154 4836 1184 4873 or
1197 4818 1287 4872 Victor
1296 4818 1342 4872 lv.
1353 4836 1382 4873 as
1393 4819 1427 4872 he
1439 4819 1525 4889 styled
1537 4816 1648 4881 himself,
1660 4836 1714 4873 was
1724 4819 1861 4889 protected
1873 4821 1908 4889 by
1914 4818 1962 4873 the
1972 4818 2083 4873 Councss

622 4897 654 4950 of
663 4898 752 4962 Paria,
767 4899 830 4954 held
842 4918 914 4971 upon
928 4900 1061 4972 February
1071 4906 1099 4955 5.
1207 4902 1408 4966 ”SeeForrlam
1423 4903 1440 4956 i.
1455 4907 1525 4965 4493
1551 4904 1669 4965 Germ,
1681 4902 1732 4957 ool.
1745 4906 1823 4968 last,
1840 4904 1930 4959 Circa
1942 4906 1970 4957 S.
1986 4903 2081 4965 Omnia,

623 4986 703 5051 p.33.
