4716 6428
316 712 418 786 A.D.
444 716 550 784 1222.
662 707 983 783 CHRONICA
1018 708 1093 782 DE
1128 708 1423 783 MAILROS.
1709 720 1777 795 ltro

365 921 405 994 ln
424 922 538 995 reditu
557 921 665 993 etiam
683 918 729 992 ab
749 918 876 1017 eodem
894 918 1051 1017 capitulo
1070 918 1158 992 obiit
1177 919 1352 1018 dompnus
1373 922 1580 1006 Gaufridus,
1600 923 1712 997 abbas
1730 928 1775 999 de

314 1042 562 1127 Dundreinan‚
582 1042 616 1113 in
635 1041 742 1114 domo
761 1040 805 1113 dc
827 1038 922 1112 Alba
940 1040 1029 1138 ripa.

362 1162 503 1236 Eodem
521 1186 614 1235 anno
629 1162 687 1259 pie
705 1159 966 1234 recordacionis
979 1171 1081 1259 pater
1095 1172 1131 1233 ct
1149 1160 1266 1259 pastor
1280 1163 1459 1263 egregius,
1473 1164 1637 1238 dominus
1654 1164 1773 1241 Adam

311 1284 496 1382 episcopus
525 1279 774 1364 Kateniensrsf
796 1280 978 1379 quondam
1006 1280 1118 1354 abbas
1146 1281 1380 1368 Melrosensm,
1407 1296 1444 1357 et
1468 1309 1550 1357 vero
1577 1286 1773 1360 monachus

309 1403 441 1477 ordinis
465 1401 710 1486 Cistertienfis‚
730 1427 801 1475 una
829 1427 910 1475 cum
939 1403 1196 1475 commonacho
1225 1404 1299 1486 sue,
1328 1404 1480 1477 diacono
1508 1405 1553 1478 de
1576 1404 1770 1490 Neubotlc,

309 1524 451 1597 nomine
470 1523 630 1608 Scrlone,
645 1548 707 1622 per
725 1522 929 1621 multiplicis
944 1521 1107 1620 passionis
1120 1523 1337 1622 triumphurn
1354 1526 1516 1610 feliciter,
1531 1539 1569 1598 ut
1583 1527 1770 1613 credimus,

310 1644 355 1717 ad
379 1646 608 1743 supernorum
627 1644 756 1717 civium
779 1643 907 1717 meruit
931 1643 1113 1740 pervenire
1138 1645 1367 1718 consorcium.
1421 1645 1553 1745 Neque
1572 1650 1666 1720 enim
1688 1674 1770 1722 con-

309 1766 404 1838 venit
422 1779 461 1839 ut
474 1792 598 1839 eorum
612 1765 791 1838 estimetur
809 1763 843 1837 in
859 1763 943 1837 celis
957 1764 1083 1862 privari
1098 1766 1290 1849 consorci0,
1309 1791 1459 1864 quorum
1476 1767 1512 1840 in
1526 1769 1626 1842 terris
1639 1768 1771 1867 positus

307 1888 434 1959 meruit
462 1887 674 1985 participare
703 1885 875 1969 martiri03
902 1886 1070 1984 precipue
1097 1910 1177 1957 cum
1205 1910 1267 1983 pro
1294 1886 1410 1985 rigore
1429 1887 1581 1985 justicie,
1606 1888 1770 1962 videlicet

308 2032 370 2105 pro
389 2008 582 2081 exaccione
600 2006 817 2079 decimarum
830 2005 935 2104 juxta
958 2005 1248 2078 cousuetudinem
1274 2006 1505 2081 institucionis
1524 2007 1768 2093 ecclesiastice,

307 2129 395 2199 mori
419 2128 535 2227 magis
554 2127 714 2227 elegerit,
733 2137 770 2199 et
794 2124 899 2198 instar
922 2125 1070 2225 pastoris
1088 2127 1210 2224 optimi
1236 2127 1390 2200 animam
1411 2153 1475 2225 pro
1494 2128 1618 2201 oribus
1635 2155 1768 2228 ponere

306 2273 414 2345 quam
439 2273 586 2348 gregem
606 2247 667 2320 fibi
687 2246 859 2320 creditum
883 2247 918 2318 in
938 2271 1054 2320 errore
1078 2246 1221 2345 pristino
1240 2248 1377 2321 diucius
1398 2248 1524 2321 sineret
1547 2275 1766 2348 permanere.

310 2368 404 2441 Cum
424 2369 531 2467 igitur
549 2369 655 2441 causa
673 2393 744 2465 que
762 2367 942 2440 martirem
960 2368 1046 2440 facit
1064 2368 1188 2466 pocius
1206 2393 1314 2465 quam
1335 2394 1430 2467 pena
1447 2368 1667 2467 praeccsserit‚
1686 2371 1768 2442 satis

308 2489 452 2562 evidens
476 2501 512 2561 et
531 2487 638 2586 justa,
662 2512 801 2561 necnon
826 2498 861 2559 et
885 2512 979 2586 pena
1001 2486 1165 2586 passionis
1184 2486 1367 2561 subsecuta
1384 2489 1490 2561 suerit
1514 2489 1767 2571 immanislinra‚

308 2610 470 2707 injuriam
499 2608 657 2707 pontifici
686 2608 842 2707 irrogare
870 2605 1051 2705 probatur,
1081 2608 1142 2705 qui
1170 2608 1287 2681 minus
1313 2608 1361 2681 illi
1390 2608 1533 2682 honoris
1557 2621 1618 2682 aut
1643 2611 1768 2693 meriti,

306 2756 415 2828 quam
439 2729 542 2803 alicui
569 2728 627 2801 alii
652 2728 855 2802 sanstorum
878 2728 1061 2801 martirum
1086 2714 1341 2801 asscribendum
1361 2740 1397 2801 ot
1415 2729 1653 2803 exhibendum
1678 2731 1768 2803 arbi-

306 2862 433 2935 tratur3
460 2850 613 2922 maximo
632 2875 713 2922 cum
731 2848 843 2921 multa
862 2848 954 2922 solus
967 2849 1169 2922 sanctorum
1188 2849 1370 2923 martirum
1388 2849 1579 2923 sustinuisse
1598 2851 1767 2949 supplicia

305 2973 549 3070 cognoscatur.
605 2969 689 3043 Post
713 2970 826 3043 minas
848 2970 942 3042 enim
967 2969 1153 3043 sevissimos
1178 2981 1213 3042 et
1237 2968 1361 3043 crebra
1384 2970 1570 3044 verborum
1594 2972 1765 3053 convicia,

304 3091 382 3188 post
394 3091 541 3165 livorem
554 3089 740 3163 verberum
754 3102 791 3162 et
804 3103 951 3163 cruenta
965 3090 1123 3173 vulnera,
1138 3102 1211 3162 tam
1225 3088 1334 3163 fustes
1348 3090 1370 3163 J
1373 3090 1488 3175 acobi,
1503 3116 1611 3189 quarn
1629 3091 1766 3188 lapides

304 3210 482 3310 perpessus
508 3208 717 3309 Stephani,sf
739 3236 801 3309 per
826 3210 987 3283 flammas
1015 3222 1051 3282 et
1081 3209 1282 3283 incendium
1310 3210 1422 3284 saneti
1449 3209 1644 3293 Laurentii,
1669 3224 1764 3283 totus¹

303 3331 444 3405 oblatus
469 3332 519 3405 est
540 3332 576 3404 in
594 3330 839 3404 holocaustum
858 3329 1016 3403 Domini.
1073 3329 1193 3402 Passus
1217 3328 1267 3403 est
1294 3330 1415 3429 itaque
1442 3331 1537 3428 apud
1566 3332 1761 3403 nmncrium

302 3452 540 3552 episcopalem
564 3476 635 3549 que
655 3448 817 3523 Haukirc
839 3451 964 3550 lingua
984 3449 1186 3549 Anglicana
1209 3450 1422 3534 nominatur,
1442 3451 1551 3524 tercio
1577 3450 1653 3523 idus
1676 3452 1763 3550 Sep-

302 3571 447 3646 tembris
464 3571 570 3671 [Sep.
588 3569 663 3670 ll]‚
683 3571 740 3644 die
760 3571 954 3656 dominica;
981 3571 1082 3669 cujus
1095 3596 1235 3669 corpuS,
1253 3570 1336 3645 licet
1354 3571 1524 3644 torridum
1538 3597 1581 3644 ex
1599 3571 1763 3644 inccndio

302 3705 339 3766 et
356 3692 502 3766 lividum
520 3717 566 3766 ex
585 3692 766 3791 lapicidi0‚
790 3692 969 3791 integrum
986 3703 1107 3764 tamen
1131 3690 1194 3764 sub
1213 3716 1340 3764 acervo
1357 3691 1516 3789 lapidum
1534 3691 1612 3790 post
1629 3692 1761 3764 extinc-

302 3825 376 3886 tum
405 3812 609 3888 incendium
636 3813 820 3912 reperitur,
844 3824 880 3885 et
908 3812 944 3885 in
968 3811 1114 3885 ecclesia
1138 3810 1336 3909 baptismali
1364 3838 1483 3885 coram
1511 3814 1634 3887 saneto
1659 3816 1760 3887 ulturi

302 3934 505 4020 honorilice,
533 3933 620 4007 ficut
648 3934 779 4018 decuit,
810 3932 987 4032 sepulture
1015 3932 1295 4007 commendatur.
1350 3932 1493 4006 Patrem
1521 3934 1626 4031 igitur
1654 3960 1761 4033 quom

301 4055 361 4128 lilii
385 4054 518 4155 pellimi
542 4067 578 4129 et
597 4055 794 4155 degeneres
818 4055 853 4127 in
878 4054 1000 4128 matris
1023 4054 1159 4154 gremio
1181 4053 1411 4127 crudelissime
1435 4068 1672 4152 peremerunt,
1691 4056 1762 4128 lilia

301 4175 413 4250 fidelis
439 4177 474 4249 in
497 4175 607 4249 smum
635 4176 814 4275 proprium
841 4177 975 4274 recepit
998 4174 1269 4274 protegendum,
1288 4176 1415 4248 iterum
1442 4175 1477 4247 in
1504 4174 1761 4249 resurreccione

300 4297 458 4395 generali
478 4323 558 4370 cum
577 4298 691 4395 gloria
709 4297 847 4371 felicius
865 4296 1150 4396 producendum!

353 4416 453 4491 Obiit
471 4417 647 4516 dompnus
663 4418 859 4491 Gaufridus
877 4416 989 4491 abbas
1007 4417 1051 4491 dc
1071 4417 1319 4500 Dundrainam
1335 4417 1369 4489 in
1388 4415 1503 4489 reditu
1521 4417 1583 4489 suo
1602 4415 1646 4489 dc
1665 4418 1759 4513 capi-

301 4537 375 4611 tulo
394 4538 553 4637 generali
572 4539 667 4637 apud
689 4538 819 4612 Albam
839 4538 962 4637 ripam.

352 4658 391 4731 P.
412 4658 457 4732 de
478 4658 668 4733 Walloniis
685 4685 748 4758 per
772 4660 975 4733 consensum
995 4658 1127 4732 domini
1146 4658 1240 4755 regis
1266 4657 1403 4756 accepit
1430 4657 1465 4728 in
1488 4680 1635 4728 uxorem
1665 4712 1755 4729 ......

346 4885 355 4915 ‘
377 4888 490 4949 Pardua,
504 4888 529 4941 ii.
543 4892 592 4950 46;
620 4890 752 4951 Wr'rrsowrr,
767 4890 783 4941 i.
799 4892 860 4943 366.
971 4886 992 4917 ‘¹
1013 4888 1073 4940 'l'lre
1087 4887 1160 4939 word
1175 4894 1192 4917 ‘⁶
1206 4888 1321 4939 tandein*
1334 4886 1382 4940 bas
1395 4887 1462 4939 been
1476 4884 1538 4937 hcrc
1551 4883 1709 4954 expunctcd.
