4716 6428
568 726 615 801 94
922 711 1243 790 CHRONICA
1278 712 1354 788 DE
1389 710 1683 789 MAILROS.
1789 712 1890 789 A.D.
1921 720 2031 789 1185.

621 929 799 1004 Heuricus
827 953 888 1004 rex
914 928 1046 1029 Anglie
1071 929 1280 1001 comitatum
1308 925 1541 1002 Huntedonie
1569 925 1722 1001 reddidit
1743 925 1928 1002 Willelmo
1955 930 2032 1029 regi

574 1052 778 1125 Scottorum
804 1049 997 1123 honorifice
1021 1061 1057 1122 et
1080 1048 1238 1147 plenarie
1261 1046 1349 1120 ficut
1375 1048 1448 1146 ipse
1474 1046 1599 1121 habuit
1626 1060 1709 1122 ante
1732 1070 1911 1148 guerram,
1937 1049 2033 1149 apud

574 1169 857 1244 Vl'iudelesofre.t

623 1291 854 1364 Terremotus
871 1290 991 1363 fastus
1009 1287 1059 1362 est
1077 1312 1230 1387 magnus
1248 1288 1367 1361 mense
1387 1286 1502 1385 Aprili
1520 1312 1583 1386 per
1603 1286 1787 1388 Angliam.

622 1409 771 1509 Eelipsrs
788 1410 869 1484 solis
887 1410 987 1483 sadta
1005 1408 1056 1483 est
1073 1407 1246 1482 kalendas
1265 1406 1355 1505 Maij
1379 1406 1485 1507 [Maij
1505 1407 1541 1506 l]
1563 1408 1652 1482 seria
1670 1408 1732 1507 iiij.
1752 1408 1830 1508 post
1846 1432 1979 1483 nonam
1997 1420 2034 1483 et

572 1530 669 1605 stelle
688 1542 957 1629 apparuerunt.¹¹

623 1651 765 1725 Bellum
792 1653 860 1724 fuit
888 1652 923 1724 in
950 1648 1111 1722 Galwela
1132 1649 1223 1722 inter
1248 1646 1451 1721 Rolandum
1475 1659 1511 1722 et
1531 1647 1817 1747 Gillepatrieium
1842 1647 1921 1748 iiij0.
1948 1673 2032 1723 non.

572 1770 657 1845 Julii
679 1771 826 1869 [11114]
850 1771 940 1845 feria
958 1782 1004 1842 vt.
1029 1769 1065 1841 in
1090 1795 1162 1867 quo
1185 1769 1303 1867 plures
1328 1767 1572 1843 occubuerunt
1595 1794 1639 1843 ex
1663 1780 1764 1869 parte
1784 1769 2033 1870 Gillepatricii,

573 1891 644 1989 ipse
662 1916 745 1964 vero
763 1892 895 1965 interiit
913 1914 994 1963 cum
1012 1887 1132 1963 multis
1150 1887 1239 1963 aliis.

625 2010 758 2084 lterum
786 2008 971 2083 Rolandus
999 2008 1132 2082 bellum
1160 2006 1286 2081 habuit
1314 2021 1437 2082 eontra
1468 2007 1733 2094 Gillecolmum,
1761 2009 1798 2082 in
1826 2034 1898 2108 quo
1924 2010 2034 2084 frater

574 2130 728 2204 Rolandi
747 2131 915 2205 occubuit
933 2141 969 2204 et
990 2129 1224 2204 Gillecolmus
1242 2128 1381 2227 periit.w

624 2251 724 2325 Obiit
745 2250 879 2326 Lucius
896 2275 991 2349 papa
1008 2250 1058 2348 iij.
1079 2250 1136 2323 eui
1153 2248 1311 2323 successit
1331 2247 1499 2324 Urbanus
1516 2251 1676 2325 tercius.x

624 2369 733 2445 Anno
757 2371 964 2469 naclxxxvj.
991 2371 1025 2443 in
1052 2368 1238 2467 Hibernia
1262 2368 1358 2468 apud
1381 2369 1561 2444 civitatem
1585 2395 1656 2469 que
1680 2383 1826 2445 vocatur
1851 2368 1960 2444 Dune
1983 2370 2034 2442 in·

574 2492 692 2565 ventio
718 2492 922 2565 sanstorum
953 2515 1152 2588 corporum,
1180 2489 1312 2562 scilieet
1342 2489 1456 2563 saneti
1488 2490 1633 2565 Patrieii
1663 2490 1831 2591 episcopi,
1855 2500 1892 2564 et
1922 2489 2034 2564 sandti

577 2610 793 2684 Columbani
812 2610 964 2698 abbatis,
983 2622 1019 2683 et
1037 2608 1158 2683 sanae
1178 2608 1324 2707 Brigide
1342 2609 1499 2708 virginis.

625 2729 736 2829 Apud
762 2729 931 2803 Parisrum
957 2729 1046 2802 obiit
1067 2728 1264 2803 Gaufridus
1288 2753 1408 2804 eomes
1433 2729 1630 2816 Britannie,
1654 2730 1745 2805 lilius
1771 2729 1918 2805 Henrioi
1941 2729 2035 2830 regis

577 2850 739 2950 Anglie.y

626 2968 727 3043 Obiit
757 3025 898 3046 .........
903 2982 915 3013 ²
941 2968 1053 3042 abbas
1080 2967 1325 3053 Cistertienfis,
1356 2969 1413 3043 cui
1440 2969 1597 3044 succedit
1624 2970 1826 3045 Willelmus
1852 2968 1965 3044 abbas
1990 2968 2036 3043 de

576 3091 717 3164 Pratea.

626 3209 804 3283 Heuricus
821 3235 882 3283 rex
902 3208 1035 3308 Anglie
1059 3233 1140 3282 cum
1164 3208 1321 3282 exercitu
1345 3233 1478 3308 magno
1496 3210 1592 3283 venit
1615 3211 1662 3283 ad
1683 3209 1889 3285 Carleolum
1912 3220 2036 3283 contra

578 3326 780 3403 Rolandum
793 3329 912 3403 mense
928 3328 1115 3428 August03
1141 3327 1326 3401 Rolandus
1340 3341 1460 3402 autem
1474 3328 1537 3403 sub
1552 3329 1734 3405 condudtu
1751 3330 1923 3405 Willelmi
1941 3330 2036 3431 regis

579 3449 794 3534 Scottorum,
813 3449 908 3523 venit
927 3448 973 3522 ad
991 3474 1073 3521 eum
1092 3460 1128 3523 et
1145 3448 1231 3521 fecit
1249 3448 1282 3522 ei
1299 3446 1548 3548 homagium.¹¹

627 3569 705 3644 Rex
724 3570 928 3645 Scottorum
946 3568 1148 3642 Willelmus
1166 3568 1387 3668 desponsavit
1405 3580 1597 3669 cognatam
1615 3570 1710 3669 regis
1725 3569 1873 3644 Heurici
1889 3567 2036 3670 Anglie,

576 3689 901 3765 Eanarvonwnsu⁸
917 3689 1074 3773 nomine,
1092 3688 1201 3761 filiam
1218 3687 1383 3763 videlieet
1400 3688 1618 3763 vicecomitis
1636 3690 1681 3763 de
1697 3689 1800 3764 Bello
1817 3689 1956 3775 Monte,
1974 3690 2036 3788 qui

576 3822 652 3884 erat
679 3810 770 3883 filius
793 3810 863 3882 lilie
892 3809 998 3907 priori
1025 3808 1087 3881 filii
1115 3807 1286 3881 Willelmi
1316 3806 1478 3893 Bastard,
1509 3808 1544 3881 in
1573 3809 1712 3909 capella
1740 3810 1835 3910 regis
1858 3809 1904 3883 de
1927 3834 2036 3909 parco

576 3930 671 4029 apud
698 3929 906 4012 Wudestoc,
935 3929 1097 4026 presente
1125 3953 1211 4027 rege
1243 3951 1324 4000 eum
1352 3952 1486 4027 magna
1515 3928 1642 4028 gloria,
1672 3952 1787 4004 nonas
1817 3928 2036 4030 Septembris

578 4048 684 4147 [Sep.
703 4048 742 4146 5]
763 4049 853 4122 feria
870 4048 916 4146 vj,
934 4047 1020 4120 luna
1037 4047 1133 4146 xviij.

621 4251 630 4281 ²
653 4251 746 4320 Henry
757 4250 811 4303 had
822 4249 903 4303 taken
915 4250 1066 4320 possession
1080 4248 1112 4303 os
1119 4249 1165 4304 the
1173 4248 1290 4302 earldom
1298 4249 1330 4303 os
1337 4249 1521 4320 Huntingdon,
1533 4251 1560 4304 in
1573 4268 1760 4323 consequence
1773 4252 1805 4306 os
1813 4252 1950 4307 William’s
1961 4254 2036 4307 inva-

573 4336 631 4388 sion
644 4334 675 4387 0s
686 4334 935 4397 Northumberland,
950 4334 977 4387 in
992 4334 1069 4396 1174,
1084 4333 1137 4387 and
1148 4333 1202 4386 had
1213 4331 1350 4387 bestowed
1362 4334 1383 4386 it
1395 4351 1468 4404 upon
1483 4334 1573 4388 Simon
1586 4335 1619 4389 de
1634 4336 1733 4397 Senlis;
1756 4354 1829 4407 upon
1841 4336 1934 4389 whose
1945 4336 2035 4399 death,

575 4418 687 4472 without
699 4418 778 4480 issue,
793 4418 839 4470 the
849 4416 966 4470 earldom
979 4417 1099 4471 reverted
1111 4427 1140 4471 to
1155 4416 1255 4486 Henry.
1281 4418 1371 4487 Dugd.
1386 4418 1530 4487 Barmrage,
1545 4418 1562 4471 i.
1572 4423 1617 4472 59.
1737 4417 1751 4442 “
1766 4420 1857 4483 L'Ars,
1871 4420 1889 4473 i.
1901 4424 1962 4483 345,
1972 4424 2035 4475 Sro.

574 4501 591 4524 '
614 4503 664 4557 See
674 4503 788 4563 Fordurr,
799 4501 817 4554 i.
831 4504 893 4563 490,
906 4500 967 4554 who
980 4500 1044 4554 adds
1054 4518 1128 4553 some
1137 4499 1203 4553 sacts
1216 4510 1245 4553 to
1253 4499 1300 4553 the
1309 4499 1477 4555 insormution
1489 4502 1551 4555 here
1563 4502 1791 4564 eommunicated;
1803 4504 1901 4557 Hoved.
1915 4503 1960 4557 sol.
1972 4508 2034 4559 358.

575 4587 586 4609 ¹
609 4586 707 4641 Lucius
722 4586 774 4639 111.
795 4585 855 4639 died
867 4603 902 4638 on
915 4584 962 4638 the
981 4584 1046 4638 arth
1061 4585 1213 4638 November
1227 4588 1304 4646 1185,
1325 4585 1377 4639 and
1393 4603 1446 4639 was
1465 4586 1613 4641 sucoeeded
1631 4605 1667 4640 on
1684 4587 1732 4640 the
1750 4586 1816 4640 25111
1828 4588 1864 4657 by
1877 4587 1968 4641 Urban
1982 4587 2035 4642 111.

574 4672 586 4701 ’
607 4671 651 4725 He
663 4670 723 4723 died
735 4680 763 4724 at
778 4670 859 4732 Paris,
875 4687 947 4740 upon
959 4669 1006 4722 the
1021 4669 1085 4722 leth
1097 4667 1129 4722 01
1139 4669 1251 4738 August.
1289 4670 1391 4731 Blaeso,
1412 4669 1539 4724 001630.
1685 4669 1695 4693 ¹
1719 4670 1785 4724 This
1797 4670 1878 4724 blank
1896 4670 1944 4725 has
1956 4688 2039 4725 never

574 4757 641 4809 been
654 4754 776 4825 supplied
787 4754 815 4807 irr
828 4753 874 4808 the
887 4753 1057 4823 manuscript.
1167 4751 1192 4775 ⁸⁸
1216 4753 1266 4807 See
1281 4753 1378 4807 Hoved.
1392 4753 1437 4807 sol.
1453 4758 1514 4808 360.
1624 4756 1685 4823 (30)
1705 4753 1716 4776 “
1739 4754 1799 4809 The
1811 4754 1998 4825 grandmother
2009 4754 2043 4810 01

576 4838 735 4909 Ermengard
748 4856 803 4893 was
821 4856 838 4893 a
854 4838 958 4893 natural
976 4837 1105 4908 daughter
1122 4835 1155 4891 01
1170 4836 1298 4908 Henryl.
1319 4837 1389 4908 King
1401 4836 1434 4893 01
1442 4837 1579 4909 Englandr
1598 4839 1756 4910 concerning
1773 4839 1820 4893 the
1838 4839 1971 4909 marriage,
1991 4856 2038 4895 see

575 4923 673 4976 Hooed.
686 4921 732 4976 101.
746 4926 809 4977 360.
