<?xml version="1.0" encoding="UTF-8"?>
<!DOCTYPE html PUBLIC "-//W3C//DTD XHTML 1.0 Transitional//EN"
    "http://www.w3.org/TR/xhtml1/DTD/xhtml1-transitional.dtd">
<html xmlns="http://www.w3.org/1999/xhtml" xml:lang="en" lang="en">
 <head>
  <title>
</title>
<meta http-equiv="Content-Type" content="text/html;charset=utf-8" />
  <meta name='ocr-system' content='tesseract 3.04.00' />
  <meta name='ocr-capabilities' content='ocr_page ocr_carea ocr_par ocr_line ocrx_word'/>
</head>
<body>
  <div class='ocr_page' id='page_1' title='image "./chronicademailr00stevgoog_0258.png"; bbox 0 0 4716 6428; ppageno 0'>
   <div class='ocr_carea' id='block_1_1' title="bbox 319 656 1768 796">
    <p class='ocr_par' dir='ltr' id='par_1_1' title="bbox 319 656 1768 796">
     <span class='ocr_line' id='line_1_1' title="bbox 319 656 1768 796; baseline 0.001 -2"><span class='ocrx_word' id='word_1_1' title='bbox 319 717 419 794; x_wconf 72' lang='lat' dir='ltr'><strong>no.</strong></span> <span class='ocrx_word' id='word_1_2' title='bbox 443 719 549 796; x_wconf 77' lang='lat' dir='ltr'><strong>mos.</strong></span> <span class='ocrx_word' id='word_1_3' title='bbox 680 656 1006 792; x_wconf 72' lang='lat' dir='ltr'><strong>canonici</strong></span> <span class='ocrx_word' id='word_1_4' title='bbox 1034 714 1110 791; x_wconf 86' lang='lat' dir='ltr'><strong>nn</strong></span> <span class='ocrx_word' id='word_1_5' title='bbox 1147 715 1436 794; x_wconf 73' lang='lat' dir='ltr'><strong>marinos.</strong></span> <span class='ocrx_word' id='word_1_6' title='bbox 1695 729 1768 796; x_wconf 80' lang='lat'><strong>215</strong></span> 
     </span>
    </p>
   </div>
   <div class='ocr_carea' id='block_1_2' title="bbox 311 928 1772 4168">
    <p class='ocr_par' dir='ltr' id='par_1_2' title="bbox 315 928 1769 1151">
     <span class='ocr_line' id='line_1_2' title="bbox 315 928 1769 1032; baseline 0.003 -27"><span class='ocrx_word' id='word_1_7' title='bbox 315 956 445 1007; x_wconf 88' lang='lat' dir='ltr'><strong>norans</strong></span> <span class='ocrx_word' id='word_1_8' title='bbox 462 930 605 1006; x_wconf 92' lang='lat' dir='ltr'><strong>omnino</strong></span> <span class='ocrx_word' id='word_1_9' title='bbox 618 928 716 1029; x_wconf 93' lang='lat' dir='ltr'><strong>quod</strong></span> <span class='ocrx_word' id='word_1_10' title='bbox 738 929 861 1005; x_wconf 89' lang='lat' dir='ltr'>Simon</span> <span class='ocrx_word' id='word_1_11' title='bbox 879 931 1053 1031; x_wconf 82' lang='lat' dir='ltr'>cogitaret</span> <span class='ocrx_word' id='word_1_12' title='bbox 1065 931 1111 1004; x_wconf 93' lang='lat' dir='ltr'><strong>de</strong></span> <span class='ocrx_word' id='word_1_13' title='bbox 1129 942 1242 1004; x_wconf 89' lang='lat' dir='ltr'><strong>morte</strong></span> <span class='ocrx_word' id='word_1_14' title='bbox 1260 955 1368 1030; x_wconf 88' lang='lat' dir='ltr'><strong>quam</strong></span> <span class='ocrx_word' id='word_1_15' title='bbox 1386 945 1596 1032; x_wconf 89' lang='lat' dir='ltr'><strong>accepturus</strong></span> <span class='ocrx_word' id='word_1_16' title='bbox 1613 946 1689 1008; x_wconf 88' lang='lat' dir='ltr'><strong>erat</strong></span> <span class='ocrx_word' id='word_1_17' title='bbox 1706 935 1769 1009; x_wconf 94' lang='lat' dir='ltr'><strong>sub</strong></span> 
     </span>
     <span class='ocr_line' id='line_1_3' title="bbox 317 1050 544 1151; baseline 0.004 -27"><span class='ocrx_word' id='word_1_18' title='bbox 317 1050 437 1151; x_wconf 86' lang='lat' dir='ltr'><strong>gladio</strong></span> <span class='ocrx_word' id='word_1_19' title='bbox 456 1051 544 1150; x_wconf 90' lang='lat' dir='ltr'><strong>ejus.</strong></span> 
     </span>
    </p>

    <p class='ocr_par' dir='ltr' id='par_1_3' title="bbox 313 1169 1771 3322">
     <span class='ocr_line' id='line_1_4' title="bbox 367 1169 1768 1250; baseline 0.004 -5"><span class='ocrx_word' id='word_1_20' title='bbox 367 1171 409 1245; x_wconf 93' lang='lat' dir='ltr'><strong>In</strong></span> <span class='ocrx_word' id='word_1_21' title='bbox 427 1170 553 1247; x_wconf 91' lang='lat' dir='ltr'><strong>diebus</strong></span> <span class='ocrx_word' id='word_1_22' title='bbox 570 1170 637 1245; x_wconf 90' lang='lat' dir='ltr'><strong>illis</strong></span> <span class='ocrx_word' id='word_1_23' title='bbox 659 1170 809 1245; x_wconf 86' lang='lat' dir='ltr'><strong>mittitur</strong></span> <span class='ocrx_word' id='word_1_24' title='bbox 832 1171 883 1244; x_wconf 91' lang='lat' dir='ltr'><strong>vir</strong></span> <span class='ocrx_word' id='word_1_25' title='bbox 905 1171 1129 1246; x_wconf 83' lang='lat' dir='ltr'><strong>venerandus</strong></span> <span class='ocrx_word' id='word_1_26' title='bbox 1149 1170 1313 1246; x_wconf 90' lang='lat' dir='ltr'><strong>Oliverus</strong></span> <span class='ocrx_word' id='word_1_27' title='bbox 1337 1169 1450 1247; x_wconf 87' lang='lat' dir='ltr'><strong>abbas</strong></span> <span class='ocrx_word' id='word_1_28' title='bbox 1467 1173 1512 1246; x_wconf 90' lang='lat' dir='ltr'><strong>de</strong></span> <span class='ocrx_word' id='word_1_29' title='bbox 1532 1172 1696 1250; x_wconf 90' lang='lat' dir='ltr'><strong>Driburc’</strong></span> <span class='ocrx_word' id='word_1_30' title='bbox 1722 1177 1768 1250; x_wconf 92' lang='lat' dir='ltr'><strong>ad</strong></span> 
     </span>
     <span class='ocr_line' id='line_1_5' title="bbox 317 1291 1768 1393; baseline 0.003 -27"><span class='ocrx_word' id='word_1_31' title='bbox 317 1291 542 1377; x_wconf 83' lang='lat' dir='ltr'><strong>Edwardum,</strong></span> <span class='ocrx_word' id='word_1_32' title='bbox 561 1317 605 1366; x_wconf 90' lang='lat' dir='ltr'><strong>ex</strong></span> <span class='ocrx_word' id='word_1_33' title='bbox 628 1303 729 1391; x_wconf 88' lang='lat' dir='ltr'><strong>parte</strong></span> <span class='ocrx_word' id='word_1_34' title='bbox 752 1302 789 1365; x_wconf 91' lang='lat' dir='ltr'><strong>et</strong></span> <span class='ocrx_word' id='word_1_35' title='bbox 811 1292 935 1392; x_wconf 84' lang='lat' dir='ltr'>regine</span> <span class='ocrx_word' id='word_1_36' title='bbox 957 1292 1085 1366; x_wconf 90' lang='lat' dir='ltr'><strong>Scocie</strong></span> <span class='ocrx_word' id='word_1_37' title='bbox 1108 1292 1233 1366; x_wconf 92' lang='lat' dir='ltr'><strong>sororis</strong></span> <span class='ocrx_word' id='word_1_38' title='bbox 1251 1292 1434 1378; x_wconf 79' lang='lat' dir='ltr'><strong>Edwardi3</strong></span> <span class='ocrx_word' id='word_1_39' title='bbox 1457 1293 1558 1393; x_wconf 88' lang='lat' dir='ltr'><strong>cujus</strong></span> <span class='ocrx_word' id='word_1_40' title='bbox 1577 1296 1768 1371; x_wconf 89' lang='lat' dir='ltr'><strong>adventum</strong></span> 
     </span>
     <span class='ocr_line' id='line_1_6' title="bbox 314 1410 1768 1512; baseline 0.003 -26"><span class='ocrx_word' id='word_1_41' title='bbox 314 1437 396 1486; x_wconf 89' lang='lat' dir='ltr'><strong>cum</strong></span> <span class='ocrx_word' id='word_1_42' title='bbox 414 1411 635 1512; x_wconf 86' lang='lat' dir='ltr'><strong>comperisset</strong></span> <span class='ocrx_word' id='word_1_43' title='bbox 656 1412 792 1499; x_wconf 89' lang='lat' dir='ltr'><strong>Simon,</strong></span> <span class='ocrx_word' id='word_1_44' title='bbox 811 1410 942 1487; x_wconf 73' lang='lat' dir='ltr'><strong>duetus</strong></span> <span class='ocrx_word' id='word_1_45' title='bbox 955 1410 1005 1486; x_wconf 90' lang='lat' dir='ltr'><strong>est</strong></span> <span class='ocrx_word' id='word_1_46' title='bbox 1019 1413 1065 1486; x_wconf 90' lang='lat' dir='ltr'><strong>ad</strong></span> <span class='ocrx_word' id='word_1_47' title='bbox 1080 1412 1325 1498; x_wconf 91' lang='lat' dir='ltr'><strong>Eduuardum,</strong></span> <span class='ocrx_word' id='word_1_48' title='bbox 1344 1414 1468 1489; x_wconf 74' lang='lat' dir='ltr'><strong>resino</strong></span> <span class='ocrx_word' id='word_1_49' title='bbox 1482 1417 1654 1490; x_wconf 88' lang='lat' dir='ltr'><strong>canonico</strong></span> <span class='ocrx_word' id='word_1_50' title='bbox 1669 1418 1768 1493; x_wconf 89' lang='lat' dir='ltr'><strong>deor·</strong></span> 
     </span>
     <span class='ocr_line' id='line_1_7' title="bbox 313 1532 1769 1634; baseline 0.003 -25"><span class='ocrx_word' id='word_1_51' title='bbox 313 1536 389 1609; x_wconf 91' lang='lat' dir='ltr'><strong>sum</strong></span> <span class='ocrx_word' id='word_1_52' title='bbox 407 1559 470 1634; x_wconf 86' lang='lat' dir='ltr'><strong>per</strong></span> <span class='ocrx_word' id='word_1_53' title='bbox 487 1533 598 1633; x_wconf 93' lang='lat' dir='ltr'><strong>sequi</strong></span> <span class='ocrx_word' id='word_1_54' title='bbox 615 1544 761 1607; x_wconf 90' lang='lat' dir='ltr'><strong>venerat</strong></span> <span class='ocrx_word' id='word_1_55' title='bbox 778 1558 860 1606; x_wconf 90' lang='lat' dir='ltr'><strong>cum</strong></span> <span class='ocrx_word' id='word_1_56' title='bbox 877 1532 950 1606; x_wconf 92' lang='lat' dir='ltr'><strong>illo.</strong></span> <span class='ocrx_word' id='word_1_57' title='bbox 989 1532 1078 1607; x_wconf 92' lang='lat' dir='ltr'><strong>Erat</strong></span> <span class='ocrx_word' id='word_1_58' title='bbox 1095 1533 1190 1607; x_wconf 92' lang='lat' dir='ltr'><strong>enim</strong></span> <span class='ocrx_word' id='word_1_59' title='bbox 1204 1532 1419 1608; x_wconf 86' lang='lat' dir='ltr'><strong>Eduuardus</strong></span> <span class='ocrx_word' id='word_1_60' title='bbox 1437 1535 1472 1608; x_wconf 92' lang='lat' dir='ltr'><strong>in</strong></span> <span class='ocrx_word' id='word_1_61' title='bbox 1491 1536 1563 1610; x_wconf 90' lang='lat' dir='ltr'><strong>alto</strong></span> <span class='ocrx_word' id='word_1_62' title='bbox 1581 1537 1666 1611; x_wconf 94' lang='lat' dir='ltr'><strong>solio</strong></span> <span class='ocrx_word' id='word_1_63' title='bbox 1684 1550 1769 1613; x_wconf 90' lang='lat' dir='ltr'><strong>tunc</strong></span> 
     </span>
     <span class='ocr_line' id='line_1_8' title="bbox 313 1652 1768 1759; baseline 0.003 -29"><span class='ocrx_word' id='word_1_64' title='bbox 313 1656 482 1754; x_wconf 88' lang='lat' dir='ltr'><strong>temporis</strong></span> <span class='ocrx_word' id='word_1_65' title='bbox 503 1678 737 1730; x_wconf 89' lang='lat' dir='ltr'><strong>commorans.</strong></span> <span class='ocrx_word' id='word_1_66' title='bbox 792 1652 962 1728; x_wconf 84' lang='lat' dir='ltr'><strong>Ascendit</strong></span> <span class='ocrx_word' id='word_1_67' title='bbox 979 1678 1066 1753; x_wconf 86' lang='lat' dir='ltr'><strong>ergo</strong></span> <span class='ocrx_word' id='word_1_68' title='bbox 1088 1654 1210 1728; x_wconf 88' lang='lat' dir='ltr'><strong>Simon</strong></span> <span class='ocrx_word' id='word_1_69' title='bbox 1235 1665 1318 1728; x_wconf 88' lang='lat' dir='ltr'><strong>ante</strong></span> <span class='ocrx_word' id='word_1_70' title='bbox 1343 1654 1510 1729; x_wconf 84' lang='lat' dir='ltr'><strong>abbatem</strong></span> <span class='ocrx_word' id='word_1_71' title='bbox 1534 1681 1597 1755; x_wconf 90' lang='lat' dir='ltr'><strong>per</strong></span> <span class='ocrx_word' id='word_1_72' title='bbox 1614 1656 1768 1759; x_wconf 87' lang='lat' dir='ltr'><strong>singulos</strong></span> 
     </span>
     <span class='ocr_line' id='line_1_9' title="bbox 314 1774 1768 1878; baseline 0.003 -28"><span class='ocrx_word' id='word_1_73' title='bbox 314 1777 446 1877; x_wconf 83' lang='lat' dir='ltr'><strong>gradus</strong></span> <span class='ocrx_word' id='word_1_74' title='bbox 463 1776 550 1860; x_wconf 92' lang='lat' dir='ltr'><strong>solii,</strong></span> <span class='ocrx_word' id='word_1_75' title='bbox 569 1774 700 1848; x_wconf 85' lang='lat' dir='ltr'>abbate</span> <span class='ocrx_word' id='word_1_76' title='bbox 718 1799 801 1848; x_wconf 91' lang='lat' dir='ltr'><strong>eum</strong></span> <span class='ocrx_word' id='word_1_77' title='bbox 818 1774 1071 1874; x_wconf 90' lang='lat' dir='ltr'><strong>subsequente;</strong></span> <span class='ocrx_word' id='word_1_78' title='bbox 1089 1775 1150 1873; x_wconf 93' lang='lat' dir='ltr'><strong>qui</strong></span> <span class='ocrx_word' id='word_1_79' title='bbox 1169 1799 1250 1848; x_wconf 94' lang='lat' dir='ltr'><strong>cum</strong></span> <span class='ocrx_word' id='word_1_80' title='bbox 1263 1775 1408 1848; x_wconf 90' lang='lat' dir='ltr'><strong>venisset</strong></span> <span class='ocrx_word' id='word_1_81' title='bbox 1426 1776 1472 1849; x_wconf 91' lang='lat' dir='ltr'><strong>ad</strong></span> <span class='ocrx_word' id='word_1_82' title='bbox 1489 1775 1588 1850; x_wconf 89' lang='lat' dir='ltr'><strong>illum</strong></span> <span class='ocrx_word' id='word_1_83' title='bbox 1601 1778 1647 1851; x_wconf 88' lang='lat' dir='ltr'><strong>ad</strong></span> <span class='ocrx_word' id='word_1_84' title='bbox 1661 1804 1768 1878; x_wconf 91' lang='lat' dir='ltr'><strong>quem</strong></span> 
     </span>
     <span class='ocr_line' id='line_1_10' title="bbox 313 1894 1767 1995; baseline 0.002 -25"><span class='ocrx_word' id='word_1_85' title='bbox 313 1895 433 1972; x_wconf 84' lang='lat' dir='ltr'><strong>missus</strong></span> <span class='ocrx_word' id='word_1_86' title='bbox 450 1899 567 1971; x_wconf 91' lang='lat' dir='ltr'><strong>suerat</strong></span> <span class='ocrx_word' id='word_1_87' title='bbox 584 1894 662 1995; x_wconf 88' lang='lat' dir='ltr'><strong>post</strong></span> <span class='ocrx_word' id='word_1_88' title='bbox 685 1894 933 1969; x_wconf 88' lang='lat' dir='ltr'><strong>salutationem</strong></span> <span class='ocrx_word' id='word_1_89' title='bbox 955 1895 1091 1969; x_wconf 65' lang='lat' dir='ltr'><strong>fassam</strong></span> <span class='ocrx_word' id='word_1_90' title='bbox 1114 1919 1212 1969; x_wconf 93' lang='lat' dir='ltr'><strong>more</strong></span> <span class='ocrx_word' id='word_1_91' title='bbox 1237 1896 1352 1969; x_wconf 91' lang='lat' dir='ltr'><strong>amico</strong></span> <span class='ocrx_word' id='word_1_92' title='bbox 1370 1896 1642 1972; x_wconf 88' lang='lat' dir='ltr'><strong>consedencium</strong></span> <span class='ocrx_word' id='word_1_93' title='bbox 1659 1899 1767 1973; x_wconf 90' lang='lat' dir='ltr'><strong>locuti</strong></span> 
     </span>
     <span class='ocr_line' id='line_1_11' title="bbox 313 2014 1768 2115; baseline 0.001 -23"><span class='ocrx_word' id='word_1_94' title='bbox 313 2019 393 2092; x_wconf 92' lang='lat' dir='ltr'><strong>sunt</strong></span> <span class='ocrx_word' id='word_1_95' title='bbox 411 2017 620 2101; x_wconf 86' lang='lat' dir='ltr'><strong>adinvicem,</strong></span> <span class='ocrx_word' id='word_1_96' title='bbox 638 2028 712 2089; x_wconf 88' lang='lat' dir='ltr'><strong>tam</strong></span> <span class='ocrx_word' id='word_1_97' title='bbox 735 2014 796 2089; x_wconf 91' lang='lat' dir='ltr'><strong>diu</strong></span> <span class='ocrx_word' id='word_1_98' title='bbox 817 2015 962 2090; x_wconf 91' lang='lat' dir='ltr'><strong>Simone</strong></span> <span class='ocrx_word' id='word_1_99' title='bbox 986 2026 1069 2090; x_wconf 89' lang='lat' dir='ltr'><strong>ante</strong></span> <span class='ocrx_word' id='word_1_100' title='bbox 1093 2016 1185 2115; x_wconf 91' lang='lat' dir='ltr'><strong>ipsos</strong></span> <span class='ocrx_word' id='word_1_101' title='bbox 1207 2016 1321 2090; x_wconf 88' lang='lat' dir='ltr'><strong>stante</strong></span> <span class='ocrx_word' id='word_1_102' title='bbox 1339 2015 1454 2090; x_wconf 91' lang='lat' dir='ltr'><strong>donec</strong></span> <span class='ocrx_word' id='word_1_103' title='bbox 1478 2017 1524 2091; x_wconf 91' lang='lat' dir='ltr'><strong>ab</strong></span> <span class='ocrx_word' id='word_1_104' title='bbox 1542 2019 1692 2094; x_wconf 89' lang='lat' dir='ltr'><strong>invicem</strong></span> <span class='ocrx_word' id='word_1_105' title='bbox 1716 2045 1768 2093; x_wconf 77' lang='lat' dir='ltr'><strong>re</strong></span> 
     </span>
     <span class='ocr_line' id='line_1_12' title="bbox 313 2134 1768 2239; baseline 0.001 -27"><span class='ocrx_word' id='word_1_106' title='bbox 313 2137 495 2213; x_wconf 83' lang='lat' dir='ltr'><strong>ceffissent.</strong></span> <span class='ocrx_word' id='word_1_107' title='bbox 550 2137 725 2223; x_wconf 76' lang='lat' dir='ltr'><strong>Quidum</strong></span> <span class='ocrx_word' id='word_1_108' title='bbox 742 2134 789 2210; x_wconf 86' lang='lat' dir='ltr'><strong>sic</strong></span> <span class='ocrx_word' id='word_1_109' title='bbox 806 2136 912 2212; x_wconf 87' lang='lat' dir='ltr'><strong>staret</strong></span> <span class='ocrx_word' id='word_1_110' title='bbox 934 2160 1006 2210; x_wconf 92' lang='lat' dir='ltr'><strong>non</strong></span> <span class='ocrx_word' id='word_1_111' title='bbox 1026 2135 1097 2209; x_wconf 91' lang='lat' dir='ltr'><strong>huc</strong></span> <span class='ocrx_word' id='word_1_112' title='bbox 1114 2160 1186 2209; x_wconf 91' lang='lat' dir='ltr'><strong>non</strong></span> <span class='ocrx_word' id='word_1_113' title='bbox 1203 2135 1286 2210; x_wconf 90' lang='lat' dir='ltr'><strong>illuc</strong></span> <span class='ocrx_word' id='word_1_114' title='bbox 1310 2137 1432 2211; x_wconf 90' lang='lat' dir='ltr'><strong>oculos</strong></span> <span class='ocrx_word' id='word_1_115' title='bbox 1450 2137 1604 2224; x_wconf 86' lang='lat' dir='ltr'><strong>deflexit,</strong></span> <span class='ocrx_word' id='word_1_116' title='bbox 1622 2141 1674 2214; x_wconf 88' lang='lat' dir='ltr'><strong>set</strong></span> <span class='ocrx_word' id='word_1_117' title='bbox 1691 2165 1768 2239; x_wconf 89' lang='lat' dir='ltr'><strong>per·</strong></span> 
     </span>
     <span class='ocr_line' id='line_1_13' title="bbox 316 2254 1768 2358; baseline 0.001 -25"><span class='ocrx_word' id='word_1_118' title='bbox 316 2259 389 2358; x_wconf 91' lang='lat' dir='ltr'><strong>peti</strong></span> <span class='ocrx_word' id='word_1_119' title='bbox 413 2259 542 2333; x_wconf 90' lang='lat' dir='ltr'><strong>intuitu</strong></span> <span class='ocrx_word' id='word_1_120' title='bbox 567 2256 690 2331; x_wconf 91' lang='lat' dir='ltr'><strong>ambos</strong></span> <span class='ocrx_word' id='word_1_121' title='bbox 708 2256 918 2331; x_wconf 88' lang='lat' dir='ltr'><strong>observabat</strong></span> <span class='ocrx_word' id='word_1_122' title='bbox 940 2281 985 2330; x_wconf 92' lang='lat' dir='ltr'><strong>ne</strong></span> <span class='ocrx_word' id='word_1_123' title='bbox 1007 2256 1125 2330; x_wconf 89' lang='lat' dir='ltr'><strong>littera</strong></span> <span class='ocrx_word' id='word_1_124' title='bbox 1148 2254 1323 2356; x_wconf 63' lang='lat' dir='ltr'><strong>susspeSa</strong></span> <span class='ocrx_word' id='word_1_125' title='bbox 1346 2257 1542 2332; x_wconf 85' lang='lat' dir='ltr'><strong>traderetur</strong></span> <span class='ocrx_word' id='word_1_126' title='bbox 1561 2258 1768 2345; x_wconf 89' lang='lat' dir='ltr'><strong>Eduuardo,</strong></span> 
     </span>
     <span class='ocr_line' id='line_1_14' title="bbox 313 2377 1767 2476; baseline 0.001 -23"><span class='ocrx_word' id='word_1_127' title='bbox 313 2391 351 2453; x_wconf 91' lang='lat' dir='ltr'><strong>et</strong></span> <span class='ocrx_word' id='word_1_128' title='bbox 367 2405 413 2454; x_wconf 92' lang='lat' dir='ltr'><strong>ne</strong></span> <span class='ocrx_word' id='word_1_129' title='bbox 431 2380 487 2453; x_wconf 91' lang='lat' dir='ltr'><strong>vel</strong></span> <span class='ocrx_word' id='word_1_130' title='bbox 504 2378 675 2453; x_wconf 88' lang='lat' dir='ltr'><strong>smistrum</strong></span> <span class='ocrx_word' id='word_1_131' title='bbox 701 2377 848 2451; x_wconf 89' lang='lat' dir='ltr'><strong>verbum</strong></span> <span class='ocrx_word' id='word_1_132' title='bbox 873 2401 918 2451; x_wconf 85' lang='lat' dir='ltr'><strong>ex</strong></span> <span class='ocrx_word' id='word_1_133' title='bbox 944 2388 1044 2476; x_wconf 90' lang='lat' dir='ltr'><strong>parte</strong></span> <span class='ocrx_word' id='word_1_134' title='bbox 1070 2377 1293 2451; x_wconf 88' lang='lat' dir='ltr'><strong>mittencium</strong></span> <span class='ocrx_word' id='word_1_135' title='bbox 1319 2403 1403 2452; x_wconf 90' lang='lat' dir='ltr'><strong>eum</strong></span> <span class='ocrx_word' id='word_1_136' title='bbox 1427 2378 1603 2453; x_wconf 81' lang='lat' dir='ltr'><strong>diceretur</strong></span> <span class='ocrx_word' id='word_1_137' title='bbox 1626 2380 1672 2454; x_wconf 92' lang='lat' dir='ltr'><strong>ab</strong></span> <span class='ocrx_word' id='word_1_138' title='bbox 1695 2381 1767 2455; x_wconf 94' lang='lat' dir='ltr'><strong>illo.</strong></span> 
     </span>
     <span class='ocr_line' id='line_1_15' title="bbox 317 2497 1769 2598; baseline 0 -24"><span class='ocrx_word' id='word_1_139' title='bbox 317 2499 483 2598; x_wconf 90' lang='lat' dir='ltr'><strong>Cumque</strong></span> <span class='ocrx_word' id='word_1_140' title='bbox 498 2499 664 2573; x_wconf 89' lang='lat' dir='ltr'><strong>collocuti</strong></span> <span class='ocrx_word' id='word_1_141' title='bbox 681 2497 822 2571; x_wconf 88' lang='lat' dir='ltr'><strong>fuissent</strong></span> <span class='ocrx_word' id='word_1_142' title='bbox 835 2508 1009 2597; x_wconf 91' lang='lat' dir='ltr'><strong>quantum</strong></span> <span class='ocrx_word' id='word_1_143' title='bbox 1022 2497 1219 2581; x_wconf 89' lang='lat' dir='ltr'><strong>voluerunt,</strong></span> <span class='ocrx_word' id='word_1_144' title='bbox 1235 2497 1346 2571; x_wconf 88' lang='lat' dir='ltr'><strong>abbas</strong></span> <span class='ocrx_word' id='word_1_145' title='bbox 1364 2499 1520 2598; x_wconf 81' lang='lat' dir='ltr'><strong>surgens,</strong></span> <span class='ocrx_word' id='word_1_146' title='bbox 1538 2500 1649 2598; x_wconf 89' lang='lat' dir='ltr'><strong>petita</strong></span> <span class='ocrx_word' id='word_1_147' title='bbox 1662 2500 1769 2575; x_wconf 92' lang='lat' dir='ltr'><strong>licen·</strong></span> 
     </span>
     <span class='ocr_line' id='line_1_16' title="bbox 314 2616 1769 2721; baseline 0.001 -28"><span class='ocrx_word' id='word_1_148' title='bbox 314 2620 376 2705; x_wconf 89' lang='lat' dir='ltr'><strong>tia,</strong></span> <span class='ocrx_word' id='word_1_149' title='bbox 395 2619 546 2704; x_wconf 87' lang='lat' dir='ltr'><strong>recessrt;</strong></span> <span class='ocrx_word' id='word_1_150' title='bbox 570 2644 678 2718; x_wconf 90' lang='lat' dir='ltr'><strong>quem</strong></span> <span class='ocrx_word' id='word_1_151' title='bbox 700 2618 824 2692; x_wconf 88' lang='lat' dir='ltr'><strong>Simon</strong></span> <span class='ocrx_word' id='word_1_152' title='bbox 849 2616 1066 2716; x_wconf 91' lang='lat' dir='ltr'><strong>subsequens</strong></span> <span class='ocrx_word' id='word_1_153' title='bbox 1089 2616 1276 2691; x_wconf 87' lang='lat' dir='ltr'><strong>verebatur</strong></span> <span class='ocrx_word' id='word_1_154' title='bbox 1298 2618 1402 2703; x_wconf 87' lang='lat' dir='ltr'><strong>sorte,</strong></span> <span class='ocrx_word' id='word_1_155' title='bbox 1420 2630 1460 2692; x_wconf 87' lang='lat' dir='ltr'><strong>ut</strong></span> <span class='ocrx_word' id='word_1_156' title='bbox 1478 2618 1589 2694; x_wconf 87' lang='lat' dir='ltr'><strong>abbas</strong></span> <span class='ocrx_word' id='word_1_157' title='bbox 1607 2619 1769 2721; x_wconf 86' lang='lat' dir='ltr'><strong>susspica-</strong></span> 
     </span>
     <span class='ocr_line' id='line_1_17' title="bbox 315 2737 1770 2843; baseline 0.001 -29"><span class='ocrx_word' id='word_1_158' title='bbox 315 2740 431 2824; x_wconf 87' lang='lat' dir='ltr'><strong>batur,</strong></span> <span class='ocrx_word' id='word_1_159' title='bbox 457 2738 606 2839; x_wconf 84' lang='lat' dir='ltr'><strong>quodsi</strong></span> <span class='ocrx_word' id='word_1_160' title='bbox 632 2738 710 2838; x_wconf 91' lang='lat' dir='ltr'><strong>post</strong></span> <span class='ocrx_word' id='word_1_161' title='bbox 736 2738 876 2812; x_wconf 89' lang='lat' dir='ltr'><strong>dorsum</strong></span> <span class='ocrx_word' id='word_1_162' title='bbox 904 2737 1059 2812; x_wconf 88' lang='lat' dir='ltr'><strong>Simonis</strong></span> <span class='ocrx_word' id='word_1_163' title='bbox 1084 2737 1161 2812; x_wconf 88' lang='lat' dir='ltr'><strong>isset</strong></span> <span class='ocrx_word' id='word_1_164' title='bbox 1185 2738 1339 2812; x_wconf 87' lang='lat' dir='ltr'><strong>litteram</strong></span> <span class='ocrx_word' id='word_1_165' title='bbox 1366 2738 1549 2814; x_wconf 82' lang='lat' dir='ltr'><strong>subdolam</strong></span> <span class='ocrx_word' id='word_1_166' title='bbox 1575 2741 1770 2843; x_wconf 81' lang='lat' dir='ltr'><strong>posrigeret</strong></span> 
     </span>
     <span class='ocr_line' id='line_1_18' title="bbox 317 2858 1770 2961; baseline 0.001 -27"><span class='ocrx_word' id='word_1_167' title='bbox 317 2860 524 2946; x_wconf 89' lang='lat' dir='ltr'><strong>Eduuardo,</strong></span> <span class='ocrx_word' id='word_1_168' title='bbox 543 2859 589 2933; x_wconf 87' lang='lat' dir='ltr'><strong>ad</strong></span> <span class='ocrx_word' id='word_1_169' title='bbox 607 2885 715 2960; x_wconf 90' lang='lat' dir='ltr'><strong>quem</strong></span> <span class='ocrx_word' id='word_1_170' title='bbox 734 2858 846 2932; x_wconf 90' lang='lat' dir='ltr'><strong>abbas</strong></span> <span class='ocrx_word' id='word_1_171' title='bbox 863 2858 1089 2958; x_wconf 91' lang='lat' dir='ltr'><strong>subsequens,</strong></span> <span class='ocrx_word' id='word_1_172' title='bbox 1108 2870 1147 2931; x_wconf 94' lang='lat' dir='ltr'><strong>ut</strong></span> <span class='ocrx_word' id='word_1_173' title='bbox 1165 2858 1301 2933; x_wconf 65' lang='lat' dir='ltr'><strong>dissum</strong></span> <span class='ocrx_word' id='word_1_174' title='bbox 1319 2859 1381 2944; x_wconf 90' lang='lat' dir='ltr'><strong>est,</strong></span> <span class='ocrx_word' id='word_1_175' title='bbox 1400 2860 1581 2935; x_wconf 89' lang='lat' dir='ltr'><strong>Simonem</strong></span> <span class='ocrx_word' id='word_1_176' title='bbox 1599 2863 1695 2961; x_wconf 87' lang='lat' dir='ltr'><strong>prius</strong></span> <span class='ocrx_word' id='word_1_177' title='bbox 1712 2888 1770 2937; x_wconf 89' lang='lat' dir='ltr'><strong>ve-</strong></span> 
     </span>
     <span class='ocr_line' id='line_1_19' title="bbox 318 2978 1771 3081; baseline 0.001 -26"><span class='ocrx_word' id='word_1_178' title='bbox 318 2993 432 3066; x_wconf 89' lang='lat' dir='ltr'><strong>nerat,</strong></span> <span class='ocrx_word' id='word_1_179' title='bbox 450 3007 496 3056; x_wconf 93' lang='lat' dir='ltr'><strong>ne</strong></span> <span class='ocrx_word' id='word_1_180' title='bbox 518 2982 610 3056; x_wconf 91' lang='lat' dir='ltr'><strong>sorte</strong></span> <span class='ocrx_word' id='word_1_181' title='bbox 628 2979 654 3054; x_wconf 89' lang='lat' dir='ltr'>fi</span> <span class='ocrx_word' id='word_1_182' title='bbox 672 2979 783 3054; x_wconf 88' lang='lat' dir='ltr'><strong>abbas</strong></span> <span class='ocrx_word' id='word_1_183' title='bbox 801 2978 1009 3079; x_wconf 80' lang='lat' dir='ltr'><strong>processisset</strong></span> <span class='ocrx_word' id='word_1_184' title='bbox 1027 3005 1122 3064; x_wconf 90' lang='lat' dir='ltr'><strong>eum,</strong></span> <span class='ocrx_word' id='word_1_185' title='bbox 1140 2979 1294 3053; x_wconf 88' lang='lat' dir='ltr'><strong>litteram</strong></span> <span class='ocrx_word' id='word_1_186' title='bbox 1317 2980 1532 3054; x_wconf 87' lang='lat' dir='ltr'><strong>clandestine</strong></span> <span class='ocrx_word' id='word_1_187' title='bbox 1557 2980 1771 3081; x_wconf 86' lang='lat' dir='ltr'><strong>susspicionis</strong></span> 
     </span>
     <span class='ocr_line' id='line_1_20' title="bbox 315 3099 1770 3201; baseline 0.001 -25"><span class='ocrx_word' id='word_1_188' title='bbox 315 3103 416 3178; x_wconf 89' lang='lat' dir='ltr'><strong>daret</strong></span> <span class='ocrx_word' id='word_1_189' title='bbox 433 3102 549 3177; x_wconf 92' lang='lat' dir='ltr'><strong>eidem</strong></span> <span class='ocrx_word' id='word_1_190' title='bbox 576 3099 798 3201; x_wconf 90' lang='lat' dir='ltr'><strong>proiciend0;</strong></span> <span class='ocrx_word' id='word_1_191' title='bbox 821 3111 858 3173; x_wconf 92' lang='lat' dir='ltr'><strong>et</strong></span> <span class='ocrx_word' id='word_1_192' title='bbox 880 3099 960 3174; x_wconf 86' lang='lat' dir='ltr'><strong>talis</strong></span> <span class='ocrx_word' id='word_1_193' title='bbox 978 3099 1123 3198; x_wconf 89' lang='lat' dir='ltr'><strong>&#39;quidem</strong></span> <span class='ocrx_word' id='word_1_194' title='bbox 1142 3100 1283 3174; x_wconf 88' lang='lat' dir='ltr'><strong>cautela</strong></span> <span class='ocrx_word' id='word_1_195' title='bbox 1304 3100 1458 3175; x_wconf 88' lang='lat' dir='ltr'><strong>Simonis</strong></span> <span class='ocrx_word' id='word_1_196' title='bbox 1482 3101 1584 3176; x_wconf 91' lang='lat' dir='ltr'><strong>valde</strong></span> <span class='ocrx_word' id='word_1_197' title='bbox 1602 3116 1679 3177; x_wconf 91' lang='lat' dir='ltr'><strong>erat</strong></span> <span class='ocrx_word' id='word_1_198' title='bbox 1697 3128 1770 3178; x_wconf 93' lang='lat' dir='ltr'><strong>mo·</strong></span> 
     </span>
     <span class='ocr_line' id='line_1_21' title="bbox 316 3219 959 3322; baseline -0.002 -26"><span class='ocrx_word' id='word_1_199' title='bbox 316 3223 396 3297; x_wconf 92' lang='lat' dir='ltr'><strong>dica</strong></span> <span class='ocrx_word' id='word_1_200' title='bbox 413 3224 503 3298; x_wconf 91' lang='lat' dir='ltr'><strong>inter</strong></span> <span class='ocrx_word' id='word_1_201' title='bbox 521 3222 675 3322; x_wconf 85' lang='lat' dir='ltr'><strong>majores</strong></span> <span class='ocrx_word' id='word_1_202' title='bbox 692 3221 770 3321; x_wconf 85' lang='lat' dir='ltr'><strong>ejus</strong></span> <span class='ocrx_word' id='word_1_203' title='bbox 788 3219 959 3295; x_wconf 85' lang='lat' dir='ltr'><strong>cautelas.</strong></span> 
     </span>
    </p>

    <p class='ocr_par' dir='ltr' id='par_1_4' title="bbox 311 3334 1772 4168">
     <span class='ocr_line' id='line_1_22' title="bbox 366 3334 1769 3445; baseline -0.001 -27"><span class='ocrx_word' id='word_1_204' title='bbox 366 3343 480 3418; x_wconf 94' lang='lat' dir='ltr'><strong>Modo</strong></span> <span class='ocrx_word' id='word_1_205' title='bbox 498 3344 628 3418; x_wconf 86' lang='lat' dir='ltr'><strong>faciam</strong></span> <span class='ocrx_word' id='word_1_206' title='bbox 646 3343 753 3416; x_wconf 88' lang='lat' dir='ltr'><strong>linem</strong></span> <span class='ocrx_word' id='word_1_207' title='bbox 770 3341 939 3445; x_wconf 88' lang='lat' dir='ltr'><strong>loquendi</strong></span> <span class='ocrx_word' id='word_1_208' title='bbox 957 3340 1003 3415; x_wconf 90' lang='lat' dir='ltr'><strong>de</strong></span> <span class='ocrx_word' id='word_1_209' title='bbox 1024 3341 1170 3416; x_wconf 89' lang='lat' dir='ltr'><strong>Simone</strong></span> <span class='ocrx_word' id='word_1_210' title='bbox 1193 3334 1342 3440; x_wconf 70' lang='lat' dir='ltr'><strong>propter</strong></span> <span class='ocrx_word' id='word_1_211' title='bbox 1357 3342 1460 3439; x_wconf 86' lang='lat' dir='ltr'><strong>cujus</strong></span> <span class='ocrx_word' id='word_1_212' title='bbox 1476 3342 1598 3427; x_wconf 91' lang='lat' dir='ltr'><strong>vitam,</strong></span> <span class='ocrx_word' id='word_1_213' title='bbox 1616 3344 1652 3416; x_wconf 93' lang='lat' dir='ltr'><strong>in</strong></span> <span class='ocrx_word' id='word_1_214' title='bbox 1669 3344 1769 3417; x_wconf 92' lang='lat' dir='ltr'><strong>mini·</strong></span> 
     </span>
     <span class='ocr_line' id='line_1_23' title="bbox 315 3461 1769 3564; baseline -0.001 -25"><span class='ocrx_word' id='word_1_215' title='bbox 315 3465 381 3539; x_wconf 89' lang='lat' dir='ltr'><strong>mis</strong></span> <span class='ocrx_word' id='word_1_216' title='bbox 398 3475 435 3539; x_wconf 93' lang='lat' dir='ltr'><strong>et</strong></span> <span class='ocrx_word' id='word_1_217' title='bbox 451 3462 662 3564; x_wconf 87' lang='lat' dir='ltr'><strong>quibusdam</strong></span> <span class='ocrx_word' id='word_1_218' title='bbox 680 3462 799 3537; x_wconf 89' lang='lat' dir='ltr'><strong>arduis</strong></span> <span class='ocrx_word' id='word_1_219' title='bbox 816 3488 838 3536; x_wconf 89' lang='lat' dir='ltr'><strong>a</strong></span> <span class='ocrx_word' id='word_1_220' title='bbox 855 3487 913 3536; x_wconf 93' lang='lat' dir='ltr'><strong>me</strong></span> <span class='ocrx_word' id='word_1_221' title='bbox 930 3461 966 3535; x_wconf 91' lang='lat' dir='ltr'><strong>in</strong></span> <span class='ocrx_word' id='word_1_222' title='bbox 983 3461 1103 3561; x_wconf 87' lang='lat' dir='ltr'><strong>palam</strong></span> <span class='ocrx_word' id='word_1_223' title='bbox 1121 3472 1302 3561; x_wconf 91' lang='lat' dir='ltr'><strong>utcunque</strong></span> <span class='ocrx_word' id='word_1_224' title='bbox 1320 3461 1546 3547; x_wconf 88' lang='lat' dir='ltr'><strong>elucidatam,</strong></span> <span class='ocrx_word' id='word_1_225' title='bbox 1563 3487 1635 3536; x_wconf 93' lang='lat' dir='ltr'><strong>non</strong></span> <span class='ocrx_word' id='word_1_226' title='bbox 1654 3463 1769 3538; x_wconf 89' lang='lat' dir='ltr'><strong>debeo</strong></span> 
     </span>
     <span class='ocr_line' id='line_1_24' title="bbox 311 3582 1770 3684; baseline -0.003 -23"><span class='ocrx_word' id='word_1_227' title='bbox 311 3585 405 3684; x_wconf 87' lang='lat' dir='ltr'><strong>juste</strong></span> <span class='ocrx_word' id='word_1_228' title='bbox 423 3585 547 3660; x_wconf 89' lang='lat' dir='ltr'><strong>timere</strong></span> <span class='ocrx_word' id='word_1_229' title='bbox 565 3584 714 3683; x_wconf 87' lang='lat' dir='ltr'><strong>alicujus</strong></span> <span class='ocrx_word' id='word_1_230' title='bbox 731 3594 856 3658; x_wconf 89' lang='lat' dir='ltr'><strong>contra</strong></span> <span class='ocrx_word' id='word_1_231' title='bbox 872 3607 929 3657; x_wconf 91' lang='lat' dir='ltr'><strong>me</strong></span> <span class='ocrx_word' id='word_1_232' title='bbox 954 3582 1061 3657; x_wconf 88' lang='lat' dir='ltr'><strong>invidi</strong></span> <span class='ocrx_word' id='word_1_233' title='bbox 1085 3582 1290 3667; x_wconf 90' lang='lat' dir='ltr'><strong>convitium,</strong></span> <span class='ocrx_word' id='word_1_234' title='bbox 1310 3582 1581 3668; x_wconf 74' lang='lat' dir='ltr'><strong>detractionem,</strong></span> <span class='ocrx_word' id='word_1_235' title='bbox 1599 3584 1654 3658; x_wconf 86' lang='lat' dir='ltr'><strong>vel</strong></span> <span class='ocrx_word' id='word_1_236' title='bbox 1672 3608 1770 3659; x_wconf 90' lang='lat' dir='ltr'><strong>men-</strong></span> 
     </span>
     <span class='ocr_line' id='line_1_25' title="bbox 316 3702 1770 3805; baseline -0.002 -25"><span class='ocrx_word' id='word_1_237' title='bbox 316 3705 470 3790; x_wconf 89' lang='lat' dir='ltr'><strong>dacium,</strong></span> <span class='ocrx_word' id='word_1_238' title='bbox 483 3706 652 3805; x_wconf 92' lang='lat' dir='ltr'><strong>quoniam</strong></span> <span class='ocrx_word' id='word_1_239' title='bbox 669 3704 777 3779; x_wconf 90' lang='lat' dir='ltr'><strong>nichil</strong></span> <span class='ocrx_word' id='word_1_240' title='bbox 794 3702 908 3804; x_wconf 88' lang='lat' dir='ltr'><strong>scripsi</strong></span> <span class='ocrx_word' id='word_1_241' title='bbox 925 3704 970 3779; x_wconf 90' lang='lat' dir='ltr'><strong>de</strong></span> <span class='ocrx_word' id='word_1_242' title='bbox 987 3703 1047 3779; x_wconf 92' lang='lat' dir='ltr'><strong>illo</strong></span> <span class='ocrx_word' id='word_1_243' title='bbox 1061 3702 1124 3778; x_wconf 87' lang='lat' dir='ltr'><strong>nisi</strong></span> <span class='ocrx_word' id='word_1_244' title='bbox 1141 3702 1238 3803; x_wconf 93' lang='lat' dir='ltr'><strong>quod</strong></span> <span class='ocrx_word' id='word_1_245' title='bbox 1252 3729 1274 3777; x_wconf 86' lang='lat' dir='ltr'><strong>a</strong></span> <span class='ocrx_word' id='word_1_246' title='bbox 1290 3703 1371 3778; x_wconf 86' lang='lat' dir='ltr'><strong>viris</strong></span> <span class='ocrx_word' id='word_1_247' title='bbox 1388 3703 1458 3778; x_wconf 88' lang='lat' dir='ltr'><strong>fide</strong></span> <span class='ocrx_word' id='word_1_248' title='bbox 1475 3702 1593 3804; x_wconf 86' lang='lat' dir='ltr'><strong>dignis</strong></span> <span class='ocrx_word' id='word_1_249' title='bbox 1609 3703 1770 3789; x_wconf 90' lang='lat' dir='ltr'><strong>fideliter,</strong></span> 
     </span>
     <span class='ocr_line' id='line_1_26' title="bbox 316 3824 1770 3924; baseline -0.003 -22"><span class='ocrx_word' id='word_1_250' title='bbox 316 3839 356 3903; x_wconf 89' lang='lat' dir='ltr'><strong>ut</strong></span> <span class='ocrx_word' id='word_1_251' title='bbox 378 3825 513 3912; x_wconf 88' lang='lat' dir='ltr'><strong>estimo,</strong></span> <span class='ocrx_word' id='word_1_252' title='bbox 530 3826 637 3900; x_wconf 90' lang='lat' dir='ltr'><strong>michi</strong></span> <span class='ocrx_word' id='word_1_253' title='bbox 663 3825 815 3900; x_wconf 89' lang='lat' dir='ltr'><strong>relatum</strong></span> <span class='ocrx_word' id='word_1_254' title='bbox 840 3825 979 3924; x_wconf 81' lang='lat' dir='ltr'><strong>accepi3</strong></span> <span class='ocrx_word' id='word_1_255' title='bbox 1005 3849 1156 3924; x_wconf 92' lang='lat' dir='ltr'><strong>quorum</strong></span> <span class='ocrx_word' id='word_1_256' title='bbox 1182 3824 1412 3899; x_wconf 87' lang='lat' dir='ltr'><strong>relationibus</strong></span> <span class='ocrx_word' id='word_1_257' title='bbox 1434 3824 1585 3924; x_wconf 91' lang='lat' dir='ltr'><strong>quinon</strong></span> <span class='ocrx_word' id='word_1_258' title='bbox 1611 3824 1770 3909; x_wconf 89' lang='lat' dir='ltr'><strong>credunt,</strong></span> 
     </span>
     <span class='ocr_line' id='line_1_27' title="bbox 316 3943 1771 4047; baseline 0 -27"><span class='ocrx_word' id='word_1_259' title='bbox 316 3947 518 4023; x_wconf 89' lang='lat' dir='ltr'><strong>nullatenus</strong></span> <span class='ocrx_word' id='word_1_260' title='bbox 535 3946 682 4022; x_wconf 89' lang='lat' dir='ltr'><strong>credent</strong></span> <span class='ocrx_word' id='word_1_261' title='bbox 697 3946 899 4047; x_wconf 83' lang='lat' dir='ltr'><strong>Augustino</strong></span> <span class='ocrx_word' id='word_1_262' title='bbox 916 3945 1061 4031; x_wconf 90' lang='lat' dir='ltr'><strong>dicenti,</strong></span> <span class='ocrx_word' id='word_1_263' title='bbox 1079 3944 1168 4019; x_wconf 93' lang='lat' dir='ltr'><strong>libro</strong></span> <span class='ocrx_word' id='word_1_264' title='bbox 1186 3945 1256 4043; x_wconf 90' lang='lat' dir='ltr'>xvj.</span> <span class='ocrx_word' id='word_1_265' title='bbox 1275 3944 1321 4020; x_wconf 94' lang='lat' dir='ltr'><strong>de</strong></span> <span class='ocrx_word' id='word_1_266' title='bbox 1338 3943 1493 4020; x_wconf 87' lang='lat' dir='ltr'><strong>Civitate</strong></span> <span class='ocrx_word' id='word_1_267' title='bbox 1512 3945 1596 4030; x_wconf 91' lang='lat' dir='ltr'><strong>Dei,</strong></span> <span class='ocrx_word' id='word_1_268' title='bbox 1614 3947 1771 4046; x_wconf 86' lang='lat' dir='ltr'><strong>capitulo</strong></span> 
     </span>
     <span class='ocr_line' id='line_1_28' title="bbox 318 4065 1772 4168; baseline 0 -27"><span class='ocrx_word' id='word_1_269' title='bbox 318 4069 363 4167; x_wconf 87' lang='lat' dir='ltr'><strong>xj.</strong></span> <span class='ocrx_word' id='word_1_270' title='bbox 382 4068 480 4168; x_wconf 90' lang='lat' dir='ltr'><strong>quod</strong></span> <span class='ocrx_word' id='word_1_271' title='bbox 498 4079 658 4166; x_wconf 85' lang='lat' dir='ltr'><strong>ternpore</strong></span> <span class='ocrx_word' id='word_1_272' title='bbox 676 4068 845 4142; x_wconf 92' lang='lat' dir='ltr'><strong>memorie</strong></span> <span class='ocrx_word' id='word_1_273' title='bbox 863 4068 923 4141; x_wconf 93' lang='lat' dir='ltr'><strong>sue</strong></span> <span class='ocrx_word' id='word_1_274' title='bbox 941 4067 1002 4141; x_wconf 90' lang='lat' dir='ltr'><strong>uui</strong></span> <span class='ocrx_word' id='word_1_275' title='bbox 1019 4066 1153 4141; x_wconf 91' lang='lat' dir='ltr'><strong>homiui</strong></span> <span class='ocrx_word' id='word_1_276' title='bbox 1171 4077 1271 4141; x_wconf 89' lang='lat' dir='ltr'><strong>erant</strong></span> <span class='ocrx_word' id='word_1_277' title='bbox 1289 4065 1360 4140; x_wconf 94' lang='lat' dir='ltr'><strong>duo</strong></span> <span class='ocrx_word' id='word_1_278' title='bbox 1378 4067 1508 4165; x_wconf 89' lang='lat' dir='ltr'><strong>capita,</strong></span> <span class='ocrx_word' id='word_1_279' title='bbox 1522 4065 1594 4140; x_wconf 95' lang='lat' dir='ltr'><strong>duo</strong></span> <span class='ocrx_word' id='word_1_280' title='bbox 1612 4066 1772 4166; x_wconf 69' lang='lat' dir='ltr'><strong>pettora,</strong></span> 
     </span>
    </p>
   </div>
   <div class='ocr_carea' id='block_1_3' title="bbox 317 4185 1897 4289">
    <p class='ocr_par' dir='ltr' id='par_1_5' title="bbox 317 4185 1897 4289">
     <span class='ocr_line' id='line_1_29' title="bbox 317 4185 1897 4289; baseline -0.004 -22"><span class='ocrx_word' id='word_1_281' title='bbox 317 4201 354 4267; x_wconf 85' lang='lat' dir='ltr'><strong>et</strong></span> <span class='ocrx_word' id='word_1_282' title='bbox 370 4200 524 4289; x_wconf 90' lang='lat' dir='ltr'><strong>quatuor</strong></span> <span class='ocrx_word' id='word_1_283' title='bbox 541 4213 680 4274; x_wconf 91' lang='lat' dir='ltr'><strong>manus,</strong></span> <span class='ocrx_word' id='word_1_284' title='bbox 698 4199 821 4263; x_wconf 86' lang='lat' dir='ltr'><strong>venter</strong></span> <span class='ocrx_word' id='word_1_285' title='bbox 838 4212 941 4274; x_wconf 89' lang='lat' dir='ltr'><strong>unus,</strong></span> <span class='ocrx_word' id='word_1_286' title='bbox 959 4199 996 4263; x_wconf 91' lang='lat' dir='ltr'><strong>et</strong></span> <span class='ocrx_word' id='word_1_287' title='bbox 1014 4187 1085 4262; x_wconf 91' lang='lat' dir='ltr'><strong>duo</strong></span> <span class='ocrx_word' id='word_1_288' title='bbox 1103 4187 1398 4287; x_wconf 63' lang='lat' dir='ltr'><strong>pedem-neque</strong></span> <span class='ocrx_word' id='word_1_289' title='bbox 1419 4185 1556 4272; x_wconf 87' lang='lat' dir='ltr'><strong>Orofio,</strong></span> <span class='ocrx_word' id='word_1_290' title='bbox 1574 4188 1636 4286; x_wconf 91' lang='lat' dir='ltr'><strong>qui</strong></span> <span class='ocrx_word' id='word_1_291' title='bbox 1653 4200 1772 4262; x_wconf 88' lang='lat' dir='ltr'><strong>narrat</strong></span> <span class='ocrx_word' id='word_1_292' title='bbox 1895 4197 1897 4204; x_wconf 88' lang='grc'><strong>’</strong></span> 
     </span>
    </p>
   </div>
   <div class='ocr_carea' id='block_1_4' title="bbox 317 4307 1773 5013">
    <p class='ocr_par' dir='ltr' id='par_1_6' title="bbox 317 4307 1773 5013">
     <span class='ocr_line' id='line_1_30' title="bbox 317 4307 1773 4410; baseline -0.001 -28"><span class='ocrx_word' id='word_1_293' title='bbox 317 4309 363 4383; x_wconf 89' lang='lat' dir='ltr'><strong>de</strong></span> <span class='ocrx_word' id='word_1_294' title='bbox 387 4333 497 4409; x_wconf 91' lang='lat' dir='ltr'><strong>puero</strong></span> <span class='ocrx_word' id='word_1_295' title='bbox 515 4310 577 4409; x_wconf 94' lang='lat' dir='ltr'><strong>qui</strong></span> <span class='ocrx_word' id='word_1_296' title='bbox 601 4322 678 4384; x_wconf 89' lang='lat' dir='ltr'><strong>erat</strong></span> <span class='ocrx_word' id='word_1_297' title='bbox 701 4309 916 4410; x_wconf 88' lang='lat' dir='ltr'><strong>quadrupes,</strong></span> <span class='ocrx_word' id='word_1_298' title='bbox 934 4307 1198 4409; x_wconf 86' lang='lat' dir='ltr'><strong>quadrimanus,</strong></span> <span class='ocrx_word' id='word_1_299' title='bbox 1216 4309 1327 4384; x_wconf 88' lang='lat' dir='ltr'><strong>oculis</strong></span> <span class='ocrx_word' id='word_1_300' title='bbox 1344 4319 1509 4407; x_wconf 91' lang='lat' dir='ltr'><strong>quatuor,</strong></span> <span class='ocrx_word' id='word_1_301' title='bbox 1527 4307 1670 4383; x_wconf 86' lang='lat' dir='ltr'><strong>auribus</strong></span> <span class='ocrx_word' id='word_1_302' title='bbox 1692 4308 1773 4382; x_wconf 93' lang='lat' dir='ltr'><strong>toti·</strong></span> 
     </span>
     <span class='ocr_line' id='line_1_31' title="bbox 318 4426 1772 4531; baseline -0.002 -26"><span class='ocrx_word' id='word_1_303' title='bbox 318 4430 413 4516; x_wconf 90' lang='lat' dir='ltr'><strong>dem,</strong></span> <span class='ocrx_word' id='word_1_304' title='bbox 436 4442 566 4506; x_wconf 88' lang='lat' dir='ltr'><strong>natura</strong></span> <span class='ocrx_word' id='word_1_305' title='bbox 583 4431 685 4516; x_wconf 91' lang='lat' dir='ltr'><strong>virili,</strong></span> <span class='ocrx_word' id='word_1_306' title='bbox 702 4430 835 4531; x_wconf 83' lang='lat' dir='ltr'><strong>duplex</strong></span> <span class='ocrx_word' id='word_1_307' title='bbox 856 4442 961 4507; x_wconf 88' lang='lat' dir='ltr'><strong>natus</strong></span> <span class='ocrx_word' id='word_1_308' title='bbox 984 4455 1029 4504; x_wconf 86' lang='lat' dir='ltr'><strong>ex</strong></span> <span class='ocrx_word' id='word_1_309' title='bbox 1053 4429 1193 4513; x_wconf 87' lang='lat' dir='ltr'><strong>ancilla,</strong></span> <span class='ocrx_word' id='word_1_310' title='bbox 1211 4441 1252 4503; x_wconf 91' lang='lat' dir='ltr'><strong>ut</strong></span> <span class='ocrx_word' id='word_1_311' title='bbox 1271 4441 1371 4528; x_wconf 88' lang='lat' dir='ltr'><strong>patet</strong></span> <span class='ocrx_word' id='word_1_312' title='bbox 1391 4427 1480 4502; x_wconf 91' lang='lat' dir='ltr'><strong>libro</strong></span> <span class='ocrx_word' id='word_1_313' title='bbox 1503 4428 1562 4528; x_wconf 87' lang='lat' dir='ltr'><strong>vij.</strong></span> <span class='ocrx_word' id='word_1_314' title='bbox 1581 4428 1627 4501; x_wconf 88' lang='lat' dir='ltr'><strong>de</strong></span> <span class='ocrx_word' id='word_1_315' title='bbox 1647 4426 1772 4503; x_wconf 80' lang='lat' dir='ltr'><strong>Orme</strong></span> 
     </span>
     <span class='ocr_line' id='line_1_32' title="bbox 318 4546 1772 4652; baseline -0.001 -27"><span class='ocrx_word' id='word_1_316' title='bbox 318 4550 398 4626; x_wconf 84' lang='lat' dir='ltr'><strong>tista</strong></span> <span class='ocrx_word' id='word_1_317' title='bbox 416 4549 551 4636; x_wconf 91' lang='lat' dir='ltr'><strong>mundi,</strong></span> <span class='ocrx_word' id='word_1_318' title='bbox 568 4552 724 4652; x_wconf 89' lang='lat' dir='ltr'><strong>capitulo</strong></span> <span class='ocrx_word' id='word_1_319' title='bbox 742 4551 926 4651; x_wconf 86' lang='lat' dir='ltr'><strong>xj.;-nec</strong></span> <span class='ocrx_word' id='word_1_320' title='bbox 945 4549 1060 4625; x_wconf 93' lang='lat' dir='ltr'><strong>Plinio</strong></span> <span class='ocrx_word' id='word_1_321' title='bbox 1078 4550 1167 4625; x_wconf 93' lang='lat' dir='ltr'><strong>libro</strong></span> <span class='ocrx_word' id='word_1_322' title='bbox 1185 4549 1244 4649; x_wconf 74' lang='lat' dir='ltr'><strong>vij.</strong></span> <span class='ocrx_word' id='word_1_323' title='bbox 1264 4550 1420 4649; x_wconf 90' lang='lat' dir='ltr'><strong>capitulo</strong></span> <span class='ocrx_word' id='word_1_324' title='bbox 1437 4576 1470 4624; x_wconf 89' lang='lat' dir='ltr'><strong>v.</strong></span> <span class='ocrx_word' id='word_1_325' title='bbox 1490 4548 1675 4623; x_wconf 87' lang='lat' dir='ltr'><strong>Naturalis</strong></span> <span class='ocrx_word' id='word_1_326' title='bbox 1693 4546 1772 4623; x_wconf 90' lang='lat' dir='ltr'><strong>His·</strong></span> 
     </span>
     <span class='ocr_line' id='line_1_33' title="bbox 320 4667 1772 4773; baseline -0.001 -27"><span class='ocrx_word' id='word_1_327' title='bbox 320 4672 420 4757; x_wconf 89' lang='lat' dir='ltr'><strong>torie‚</strong></span> <span class='ocrx_word' id='word_1_328' title='bbox 444 4672 610 4747; x_wconf 82' lang='lat' dir='ltr'><strong>referenti</strong></span> <span class='ocrx_word' id='word_1_329' title='bbox 634 4672 731 4773; x_wconf 94' lang='lat' dir='ltr'><strong>quod</strong></span> <span class='ocrx_word' id='word_1_330' title='bbox 754 4671 900 4771; x_wconf 88' lang='lat' dir='ltr'><strong>quidam</strong></span> <span class='ocrx_word' id='word_1_331' title='bbox 924 4697 1013 4771; x_wconf 89' lang='lat' dir='ltr'><strong>puer</strong></span> <span class='ocrx_word' id='word_1_332' title='bbox 1035 4671 1155 4746; x_wconf 72' lang='lat' dir='ltr'><strong>sottus</strong></span> <span class='ocrx_word' id='word_1_333' title='bbox 1173 4669 1223 4743; x_wconf 89' lang='lat' dir='ltr'><strong>est</strong></span> <span class='ocrx_word' id='word_1_334' title='bbox 1244 4695 1288 4743; x_wconf 84' lang='lat' dir='ltr'><strong>ex</strong></span> <span class='ocrx_word' id='word_1_335' title='bbox 1310 4670 1446 4769; x_wconf 83' lang='lat' dir='ltr'><strong>virgine</strong></span> <span class='ocrx_word' id='word_1_336' title='bbox 1469 4668 1532 4743; x_wconf 95' lang='lat' dir='ltr'><strong>sub</strong></span> <span class='ocrx_word' id='word_1_337' title='bbox 1556 4667 1772 4768; x_wconf 87' lang='lat' dir='ltr'><strong>parentibus,</strong></span> 
     </span>
     <span class='ocr_line' id='line_1_34' title="bbox 320 4787 1773 4893; baseline -0.003 -28"><span class='ocrx_word' id='word_1_338' title='bbox 320 4792 380 4890; x_wconf 93' lang='lat' dir='ltr'><strong>qui</strong></span> <span class='ocrx_word' id='word_1_339' title='bbox 394 4792 488 4891; x_wconf 88' lang='lat' dir='ltr'><strong>jussu</strong></span> <span class='ocrx_word' id='word_1_340' title='bbox 502 4792 712 4893; x_wconf 86' lang='lat' dir='ltr'><strong>arusspicum</strong></span> <span class='ocrx_word' id='word_1_341' title='bbox 730 4792 936 4891; x_wconf 89' lang='lat' dir='ltr'><strong>deportatur</strong></span> <span class='ocrx_word' id='word_1_342' title='bbox 953 4791 999 4865; x_wconf 89' lang='lat' dir='ltr'><strong>ad</strong></span> <span class='ocrx_word' id='word_1_343' title='bbox 1013 4790 1160 4865; x_wconf 88' lang='lat' dir='ltr'><strong>insulam</strong></span> <span class='ocrx_word' id='word_1_344' title='bbox 1178 4788 1351 4864; x_wconf 89' lang='lat' dir='ltr'><strong>desertam</strong></span> <span class='ocrx_word' id='word_1_345' title='bbox 1359 4813 1486 4875; x_wconf 85' lang='lat' dir='ltr'><strong>3-nec</strong></span> <span class='ocrx_word' id='word_1_346' title='bbox 1503 4790 1610 4863; x_wconf 90' lang='lat' dir='ltr'><strong>etiam</strong></span> <span class='ocrx_word' id='word_1_347' title='bbox 1628 4787 1773 4862; x_wconf 88' lang='lat' dir='ltr'><strong>credent</strong></span> 
     </span>
     <span class='ocr_line' id='line_1_35' title="bbox 321 4909 1772 5013; baseline -0.003 -26"><span class='ocrx_word' id='word_1_348' title='bbox 321 4912 418 5010; x_wconf 90' lang='lat' dir='ltr'><strong>quod</strong></span> <span class='ocrx_word' id='word_1_349' title='bbox 435 4913 582 5013; x_wconf 91' lang='lat' dir='ltr'><strong>quidam</strong></span> <span class='ocrx_word' id='word_1_350' title='bbox 599 4913 717 4988; x_wconf 87' lang='lat' dir='ltr'><strong>infans</strong></span> <span class='ocrx_word' id='word_1_351' title='bbox 734 4912 891 4988; x_wconf 89' lang='lat' dir='ltr'><strong>reversus</strong></span> <span class='ocrx_word' id='word_1_352' title='bbox 907 4910 959 4986; x_wconf 88' lang='lat' dir='ltr'><strong>est</strong></span> <span class='ocrx_word' id='word_1_353' title='bbox 981 4912 1018 4985; x_wconf 93' lang='lat' dir='ltr'><strong>in</strong></span> <span class='ocrx_word' id='word_1_354' title='bbox 1035 4922 1174 4985; x_wconf 90' lang='lat' dir='ltr'><strong>uterum</strong></span> <span class='ocrx_word' id='word_1_355' title='bbox 1200 4909 1321 4985; x_wconf 88' lang='lat' dir='ltr'><strong>matris</strong></span> <span class='ocrx_word' id='word_1_356' title='bbox 1338 4911 1534 4996; x_wconf 77' lang='lat' dir='ltr'><strong>sue3-nec</strong></span> <span class='ocrx_word' id='word_1_357' title='bbox 1551 4909 1658 4984; x_wconf 90' lang='lat' dir='ltr'><strong>etiam</strong></span> <span class='ocrx_word' id='word_1_358' title='bbox 1676 4909 1772 5008; x_wconf 92' lang='lat' dir='ltr'><strong>quod</strong></span> 
     </span>
    </p>
   </div>
   <div class='ocr_carea' id='block_1_5' title="bbox 0 0 2372 6420">
    <p class='ocr_par' dir='ltr' id='par_1_7' title="bbox 0 0 2372 6420">
     <span class='ocr_line' id='line_1_36' title="bbox 0 0 2372 6420; baseline 0 0"><span class='ocrx_word' id='word_1_359' title='bbox 0 0 2372 6420; x_wconf 95' lang='lat' dir='ltr'><strong> </strong></span> 
     </span>
    </p>
   </div>
  </div>
 </body>
</html>
