4716 6428
303 713 536 796 A.D.1269.
662 706 977 785 CHRONICA
1009 707 1086 784 DE
1124 707 1410 784 MAILROS.
1685 720 1758 796 217

302 921 465 997 Atholie·
490 923 526 996 in
549 921 609 995 illa
631 919 936 1020 peregrinacione.
991 917 1162 992 Succeffit
1182 916 1373 993 Lodowico
1391 920 1427 993 in
1451 944 1600 1020 regnum
1626 921 1757 1021 Philip·

300 1048 385 1143 pust
400 1043 493 1118 filius
510 1043 600 1142 ejus.
1363 1122 1369 1136 ,

351 1163 452 1238 Obiit
472 1162 624 1237 Albinus
640 1161 827 1261 episcopus
846 1157 1103 1245 Brechinenfis,
1122 1160 1178 1233 oui
1196 1160 1353 1235 successit
1370 1161 1479 1234 frater
1496 1160 1697 1237 Willelmus
1711 1163 1756 1236 de
1850 1256 1854 1265 Ι

302 1284 526 1368 Kilconcath,
544 1282 660 1358 lector
678 1282 826 1355 fratrum
844 1279 1107 1380 predicatorum
1124 1279 1170 1353 de
1189 1279 1310 1355 Perth.
1736 1280 1738 1285 ’

350 1404 522 1480 Piislimus
550 1402 761 1478 Lodowicus
787 1427 861 1486 rex,
887 1401 989 1500 cujus
1015 1413 1099 1475 ante
1125 1401 1259 1474 mentio
1283 1401 1334 1486 fit,
1360 1402 1446 1475 fecit
1471 1402 1558 1476 illud
1582 1405 1756 1478 famosum

297 1525 548 1600 monasterium
561 1524 694 1599 ordinis
708 1522 868 1597 Cistercii
881 1521 979 1621 quod
992 1533 1139 1595 vocatur
1154 1519 1303 1621 Regalis
1316 1547 1430 1609 mone,
1444 1549 1516 1597 non
1535 1525 1757 1624 possessiones

298 1672 396 1722 more
412 1647 643 1721 fundatorum
657 1644 806 1718 ahorum
824 1641 1114 1716 monasteriorum
1133 1641 1182 1715 illi
1200 1641 1370 1728 tribuens,
1385 1643 1445 1718 sed
1462 1658 1653 1744 perpetuas
1670 1644 1756 1720 libe·

298 1769 453 1842 rationes
470 1767 651 1850 frumenti,
669 1765 752 1849 vini,
771 1774 807 1837 et
825 1763 983 1836 omnium
1003 1762 1150 1836 aliarum
1173 1788 1290 1836 rerum
1313 1764 1596 1851 necessariarum,
1615 1768 1650 1839 in
1669 1767 1756 1842 locis

298 1887 614 1988 congruentissimis
631 1911 694 1985 per
711 1896 958 1985 procuratores
976 1882 1204 1957 securissimos
1218 1884 1322 1958 certis
1335 1886 1554 1985 temporibus
1571 1890 1754 1962 annuatim

297 2008 557 2109 percipiendas,
576 2018 615 2080 ut
631 2005 798 2079 monachi
823 2003 915 2078 illius
938 2002 1009 2078 loci
1032 2004 1094 2077 soli
1119 2003 1201 2078 Deo
1219 2016 1347 2078 vacent
1370 2030 1592 2104 peromnem
1609 2007 1754 2081 modum

298 2143 335 2204 et
352 2130 469 2204 seculo
487 2154 549 2228 per
567 2128 728 2201 nullum.¹
1579 2205 1584 2215 ἢ

350 2250 459 2325 Ceffit
476 2249 640 2324 dominus
657 2246 778 2345 Wydo
796 2245 910 2342 abbas
927 2244 973 2319 de
992 2245 1167 2320 Neubotil
1185 2246 1347 2345 regimini
1367 2246 1493 2322 domus
1511 2249 1582 2332 lue,
1602 2249 1658 2322 cui
1676 2275 1753 2348 pre-

297 2372 411 2445 ficitur
437 2371 601 2445 dominus
628 2367 826 2442 Waldevus
851 2365 1050 2440 monachus
1076 2365 1121 2439 de
1149 2364 1297 2452 Meiros,
1324 2367 1385 2465 qui
1410 2368 1527 2440 suerat
1553 2368 1753 2472 cellerarius

297 2492 455 2590 ejusdem
473 2491 611 2564 domus.

349 2612 449 2687 Obiit
470 2611 566 2685 Lora
585 2609 758 2684 comitissa
778 2608 936 2694 Atholie,
955 2608 1092 2707 sepulta
1110 2607 1206 2707 apud
1225 2607 1371 2682 Melros.

349 2732 449 2807 Obiit
466 2731 649 2806 Johannes
666 2729 712 2804 de
732 2730 903 2814 Balliolo;
930 2729 989 2802 hic
1007 2741 1145 2803 amator
1165 2728 1350 2803 scolarium
1367 2729 1454 2803 fecit
1470 2743 1614 2830 propter
1633 2732 1753 2807 Deum

146 2886 181 2921 ο.
234 2908 239 2920 .
296 2867 506 2955 perpetuam
527 2852 673 2926 domum
697 2851 794 2951 apud
815 2850 1031 2934 Oxoniam,¹¹
1053 2849 1213 2924 tribuens
1236 2848 1381 2949 singulis
1402 2875 1447 2924 ex
1473 2851 1541 2926 illis
1565 2853 1754 2928 scolaribus

298 2977 393 3049 omni
411 2974 613 3049 ebdomada
630 2973 703 3073 viij.
722 2971 886 3047 denarios
905 2970 951 3045 ad
970 2995 1195 3044 communem
1214 2996 1337 3044 eorum
1354 2974 1523 3045 mensam.

348 3095 412 3170 Est
429 3095 477 3169 ibi
497 3095 567 3169 alia
584 3095 712 3168 domus
730 3092 915 3168 scolarium
933 3090 1058 3165 melior
1076 3091 1148 3176 illa,
1167 3091 1228 3189 qui
1246 3092 1444 3191 percipiunt
1463 3092 1509 3165 ad
1527 3119 1752 3169 communam

298 3217 398 3291 suam
415 3216 476 3314 xij.
496 3215 660 3291 denarios
677 3239 740 3313 per
758 3214 929 3287 circulum
947 3212 1142 3311 septimane
1161 3211 1206 3285 de
1225 3211 1319 3285 dono
1333 3213 1487 3312 episcopi
1508 3212 1678 3290 Batensis.

348 3338 455 3413 Anno
476 3336 623 3411 Domini
640 3334 811 3411 moohnr.
830 3332 995 3407 dominus
1017 3330 1247 3416 Eduuardus,
1271 3333 1527 3432 primogenitus
1544 3335 1635 3410 lilius
1659 3338 1753 3436 regis

298 3459 442 3560 Anglie,
457 3457 558 3532 miles
575 3456 670 3531 bello
684 3454 912 3539 dostiffimus,
930 3452 1158 3552 proficiscitur
1176 3453 1224 3527 ad
1241 3465 1371 3526 terram
1385 3454 1557 3528 sanctam.
1593 3455 1752 3532 Veniens

295 3592 414 3656 autem
432 3579 527 3664 illuc,
552 3588 710 3651 moratus
727 3575 779 3650 est
802 3575 838 3648 in
860 3574 946 3648 turri
966 3572 1183 3648 Acconenfis
1207 3574 1371 3659 civitatis
1394 3599 1462 3648 nec
1485 3576 1599 3675 posuit
1622 3577 1751 3677 pedem

293 3713 393 3774 extra
409 3700 507 3773 illam
531 3699 712 3772 civitatem
735 3696 781 3771 ad
805 3693 951 3794 aliquod
975 3693 1126 3768 arduum
1148 3695 1335 3794 negotium
1359 3695 1577 3782 faciendum,
1600 3697 1663 3772 nisi
1680 3724 1752 3774 una

293 3823 382 3905 vice,
400 3819 614 3920 precedente
633 3844 716 3893 eum
733 3842 804 3890 uno
819 3814 1261 3915 Christianoexploratore
1279 3816 1341 3915 qui
1359 3828 1435 3890 erat
1454 3816 1499 3891 de
1517 3818 1615 3893 festa
1636 3819 1751 3893 Sulia·

293 3966 431 4026 norum,
450 3941 511 4039 qui
528 3942 607 4014 sunt
623 3937 813 4013 Christiani
831 3936 1035 4012 habitantes
1053 3936 1151 4036 quasr
1169 3936 1342 4011 heremite
1361 3938 1453 4011 inter
1470 3938 1698 4026 Sarracenos,
1716 3955 1753 4016 et

293 4062 374 4136 ideo
392 4086 519 4161 pacem
537 4062 674 4159 semper
691 4058 827 4134 habent
843 4059 936 4133 inter
953 4058 1031 4133 illos
1049 4058 1134 4157 quia
1154 4057 1190 4131 in
1209 4057 1456 4134 solitudinibus
1478 4072 1676 4146 morantur;
1695 4088 1752 4137 ve

292 4195 458 4257 nerantur
472 4182 567 4256 enim
585 4206 709 4256 omnes
726 4180 914 4256 Sarraceni
933 4191 970 4255 et
983 4179 1119 4280 pagani
1137 4203 1267 4253 omnes
1284 4178 1475 4254 heremitas
1487 4193 1631 4281 propter
1643 4182 1753 4256 hono·

293 4329 367 4378 rem
384 4304 496 4378 sancti
514 4303 657 4377 solitarii
675 4301 850 4376 Johannis
867 4300 1032 4400 baptiste,
1046 4325 1155 4400 quem
1175 4300 1258 4373 ideo
1277 4302 1413 4375 summa
1430 4326 1512 4375 cum
1525 4303 1752 4378 veneratione

294 4424 445 4523 diligunt
459 4435 495 4497 et
507 4423 682 4498 honorant
696 4423 781 4522 quia
793 4421 1105 4522 triumphaverunt
1121 4422 1157 4495 in
1172 4422 1230 4495 die
1244 4421 1500 4522 solempnitatis
1514 4423 1590 4522 ejus
1608 4425 1643 4496 in
1658 4422 1751 4498 bello

340 4683 349 4707 ¹
370 4684 413 4739 He
424 4683 486 4738 died
498 4693 526 4738 at
540 4683 678 4754 Carthago,
693 4684 742 4738 oth
754 4685 866 4754 August.
906 4685 1020 4746 Fordrrn,
1034 4683 1060 4737 ii.
1077 4687 1136 4736 101.
1246 4684 1255 4714 ‘
1272 4683 1360 4755 Philip
1372 4684 1423 4738 111.
1438 4684 1578 4738 aurnumed
1587 4683 1634 4738 the
1649 4684 1748 4756 Hardy.

294 4786 346 4822 'aa
358 4768 519 4839 proclaimed
529 4768 591 4839 king
603 4769 629 4822 in
642 4768 689 4822 the
702 4784 778 4837 camp
790 4768 880 4822 besore
894 4767 987 4831 Turris,
1002 4765 1069 4821 25tb
1079 4767 1191 4836 August,
1209 4769 1285 4824 1270.
1396 4767 1408 4790 ¹¹
1425 4769 1476 4822 See
1490 4776 1508 4799 “
1519 4767 1603 4822 Ballio
1615 4767 1709 4838 sergur,
1720 4787 1751 4826 or

291 4869 308 4904 a
320 4862 498 4924 commentary
510 4869 583 4922 upon
595 4851 642 4906 the
653 4851 818 4914 foundation,
832 4850 966 4914 founders,
981 4850 1034 4905 and
1046 4850 1132 4904 affairs
1146 4848 1178 4903 os
1187 4849 1280 4904 Bnlllol
1297 4850 1470 4922 collegatis.
1485 4853 1520 4922 by
1535 4852 1627 4924 Henry
1641 4852 1749 4923 Smage,

296 4934 330 4989 D.
339 4935 384 5001 D„
399 4938 522 5000 master,”
537 4937 625 4991 oxon.
641 4939 719 4999 1668,
733 4939 790 4990 sto.

669 5024 733 5130 aa
