4716 6428
450 728 549 803 AD.
573 734 678 802 1245.
804 727 1118 804 CHRONICA
1151 729 1226 803 DE
1265 729 1550 807 MAILROS.
1831 736 1902 821 169

447 951 558 1037 patet,
586 938 686 1013 fuisse
714 939 851 1013 diucius
878 939 1104 1039 praelatorum
1131 940 1303 1040 regimine
1328 939 1526 1025 destitutus,
1554 941 1589 1014 in
1613 942 1765 1039 ipsarum
1793 969 1902 1044 grave

447 1059 701 1158 praejudicium,
719 1071 756 1133 et
773 1059 968 1157 periculum
986 1059 1196 1134 animarum.
1235 1058 1283 1133 Et
1300 1060 1384 1134 licet
1397 1061 1489 1135 sorte
1502 1061 1537 1134 in
1552 1061 1729 1160 aliquibus
1743 1063 1901 1161 ejusdem

447 1183 546 1280 regni
571 1179 725 1254 ecclesis
749 1179 944 1254 electiones
961 1181 1040 1254 sunt
1058 1205 1080 1254 a
1098 1179 1261 1280 capitulis
1285 1179 1482 1265 celebrate3
1506 1181 1590 1280 quia
1610 1194 1731 1256 tamen
1757 1209 1820 1282 per
1841 1186 1900 1259 illa

444 1301 602 1398 ejusdem
621 1301 813 1374 familiares
827 1300 945 1374 clerici
959 1301 1037 1374 sunt
1051 1300 1170 1384 elesii,
1188 1299 1363 1399 probabili
1381 1300 1496 1400 potest
1510 1316 1721 1401 argumento
1735 1306 1898 1380 concludi

444 1421 542 1520 quod
564 1422 773 1496 facultatem
802 1445 873 1493 non
902 1419 1103 1495 habuerint
1117 1420 1266 1495 liberam
1292 1421 1460 1521 eligendi.
1515 1421 1752 1498 Ecclesiarum
1778 1439 1899 1501 autem

445 1541 548 1640 ipsrus
566 1543 666 1643 regni
684 1566 755 1615 non
774 1541 885 1615 solum
903 1541 1093 1615 facultates
1111 1552 1147 1614 et
1166 1540 1261 1614 bona
1278 1541 1364 1614 secit
1389 1554 1494 1640 prout
1512 1543 1623 1615 voluit
1642 1547 1820 1643 occupari,
1838 1547 1898 1620 sed

443 1664 551 1736 etiam
575 1689 709 1747 cruces,
734 1662 875 1745 calices,
898 1660 1065 1745 turibula,
1094 1672 1130 1735 et
1156 1661 1244 1735 alios
1268 1663 1383 1735 sacros
1406 1660 1633 1766 ecclesiarum
1655 1663 1837 1740 thesauros
1862 1683 1898 1740 et

442 1809 579 1881 pannos
592 1785 733 1868 sericoS,
747 1783 844 1857 velut
857 1782 973 1857 cultus
987 1781 1095 1855 divini
1113 1792 1323 1876 contemtor,
1338 1782 1485 1866 auserri;
1502 1782 1598 1867 licet,
1613 1795 1651 1856 ut
1664 1783 1804 1870 dicitur,
1819 1787 1898 1885 ipsrs

443 1904 609 1988 ecclesiis,
640 1904 769 1978 exusto
798 1915 917 1977 tamen
948 1927 1011 2001 pro
1039 1902 1090 1975 eis
1118 1913 1215 1975 certo
1239 1902 1371 2001 precio,
1398 1901 1434 1988 in
1459 1914 1560 2001 parte
1583 1903 1714 1977 suerint
1737 1905 1896 1980 restituti.

445 2024 575 2100 Clerici
593 2025 726 2124 quippe
745 2023 906 2097 collectis
923 2034 960 2096 et
985 2021 1092 2096 talliis
1117 2021 1358 2122 multipliciter
1375 2021 1596 2122 affliguntur3
1614 2048 1682 2097 neo
1699 2025 1811 2099 solum
1828 2040 1897 2101 tra·

442 2146 573 2219 huntur
595 2145 641 2219 ad
654 2145 828 2243 judicium
846 2143 1014 2227 seculare,
1033 2142 1105 2227 scd,
1124 2154 1163 2215 ut
1184 2140 1354 2226 asseritur,
1373 2154 1548 2242 coguntur
1565 2142 1679 2219 subire
1698 2144 1828 2231 duella,
1846 2149 1897 2221 in·

442 2279 680 2350 carcerantur,
695 2264 915 2348 occiduntur,
934 2273 971 2337 et
987 2261 1155 2362 patibulis
1174 2263 1386 2346 cruciantur,
1405 2263 1440 2335 in
1458 2262 1699 2338 confusionem
1716 2279 1754 2339 et
1771 2292 1897 2367 oppro-

442 2386 556 2460 brium
575 2386 707 2460 ordinis
725 2384 907 2459 clericalis.
962 2382 1123 2457 Praesatis
1141 2408 1224 2456 vero
1244 2382 1470 2480 TemplariiS,
1490 2382 1747 2482 HospitelariiS,
1766 2400 1803 2461 et
1819 2414 1896 2486 per·

440 2507 533 2582 sonis
547 2505 799 2590 ecclesiasticis
813 2529 885 2578 non
899 2503 951 2578 est
964 2502 1009 2578 de
1023 2503 1185 2602 dampnis
1199 2503 1305 2576 illatis
1319 2503 1449 2576 eisdem
1464 2516 1501 2577 et
1519 2505 1653 2602 injuriis
1666 2507 1894 2582 satissadtum.

491 2625 585 2700 Eum
603 2650 748 2725 quoque
766 2636 903 2698 certum
921 2623 972 2698 est
988 2624 1065 2697 sore
1082 2623 1255 2723 sacrilegii
1273 2635 1502 2723 patratorem.
1543 2622 1641 2698 Nam
1659 2651 1740 2700 cum
1759 2630 1896 2725 praesati

444 2745 643 2822 Portuensrs
662 2758 698 2819 et
718 2744 943 2819 Prenestinus
961 2724 1128 2842 episcopi,
1146 2756 1182 2816 et
1200 2768 1309 2842 quam
1327 2744 1445 2842 plures
1463 2743 1689 2818 ecclesiarum
1707 2748 1843 2845 praelati
1861 2763 1897 2823 et

441 2869 569 2954 clerici,
583 2880 658 2940 tam
672 2864 824 2966 religiofi
838 2889 946 2964 quam
959 2864 1145 2949 seculares,
1165 2864 1454 2963 adapostolicam
1469 2864 1587 2939 sedem
1606 2891 1668 2964 pro
1683 2868 1896 2944 celebrando

441 2989 603 3073 concilio,
617 2987 714 3087 quod
733 2987 806 3085 ipse
824 2985 920 3085 prius
938 2985 1111 3084 petiverat
1124 2985 1324 3069 convocari,
1343 3010 1405 3083 per
1418 3009 1515 3058 mare
1529 2986 1705 3072 venirent;
1724 2989 1788 3063 viis
1805 3002 1896 3065 terre

440 3108 520 3207 ipsrs
537 3110 582 3182 de
608 3107 778 3182 mandato
805 3105 882 3204 ejus
909 3104 1052 3178 omnino
1079 3104 1266 3204 praeclusrs,
1294 3105 1388 3179 idem
1406 3104 1579 3179 destinato
1600 3106 1727 3181 Ensioe
1744 3108 1815 3183 lilio
1835 3113 1895 3185 suo

440 3254 521 3303 curn
534 3227 759 3302 multitudine
777 3225 974 3325 galearum,
989 3237 1026 3299 et
1042 3249 1105 3325 per
1123 3225 1211 3299 alias
1225 3225 1441 3324 quandoque
1460 3225 1578 3323 plures
1590 3226 1698 3326 longe
1712 3240 1795 3302 ante
1809 3231 1895 3304 locis

441 3360 668 3448 praeparatas,
681 3348 717 3420 in
735 3344 895 3446 partibus
911 3344 1031 3418 Tuffie
1048 3344 1232 3419 maritimis
1250 3344 1380 3418 infidiis
1397 3343 1516 3443 pofitis
1534 3358 1657 3419 contra
1671 3371 1744 3432 eoS,
1759 3360 1798 3421 ut
1815 3375 1894 3449 gra-

442 3471 518 3542 vius
536 3466 646 3568 posset
663 3468 756 3541 virus
774 3468 939 3541 e'vomere
957 3478 1255 3564 praeconceptum,
1283 3466 1375 3563 ipsos
1393 3467 1479 3539 ausu
1497 3466 1668 3566 sacrilego
1687 3470 1766 3567 capi
1792 3471 1894 3554 secit;

440 3588 651 3688 quibusdam
676 3587 841 3686 praelatis,
859 3597 896 3660 et
919 3585 997 3659 aliis
1020 3585 1056 3658 in
1081 3585 1280 3684 hujusmodi
1304 3585 1470 3684 captione
1493 3584 1692 3672 submerfis;
1718 3590 1894 3664 nonnullis

440 3711 547 3783 etiam
565 3707 795 3806 interemptis,
815 3718 851 3780 et
869 3686 1046 3805 aliquibus
1063 3705 1178 3779 hostili
1196 3706 1419 3780 insecucione
1436 3705 1586 3806 sugatis3
1613 3707 1756 3807 reliquis
1774 3722 1893 3784 autem

440 3830 541 3904 bonis
559 3828 715 3928 spoliatis
729 3825 904 3912 omnibus,
924 3826 1019 3901 etde
1036 3827 1116 3901 loco
1130 3826 1177 3900 ad
1194 3826 1313 3900 locum
1330 3826 1366 3899 in
1384 3850 1495 3926 regno
1514 3826 1654 3901 Scicilie
1668 3827 1894 3928 opprobriose
1936 3840 1941 3857 ¹

438 3949 615 4033 deductis,
634 3974 677 4022 ac
694 3947 827 4021 ibidem
845 3947 929 4022 diris
946 3945 1146 4022 carceribus
1163 3947 1391 4046 mancipatis;
1415 3971 1566 4047 quorum
1584 3947 1705 4047 aliqui,
1724 3953 1893 4025 macerati

438 4068 657 4170 squaloribus
687 4080 724 4142 et
754 4067 884 4142 inedia·
902 4067 1014 4166 pressi,
1044 4067 1286 4142 miserabiliter
1316 4067 1533 4141 defecerunt.
1593 4066 1725 4143 Merito
1755 4070 1894 4170 insuper

438 4205 560 4266 contra
578 4215 661 4264 eum
684 4189 730 4262 de
753 4188 910 4262 heretica
932 4188 1106 4288 pravitate
1122 4188 1179 4262 *est
1196 4199 1320 4262 exorta
1342 4188 1502 4287 suspicio,
1520 4212 1601 4261 cum
1625 4189 1812 4289 postquam
1836 4217 1894 4266 ex-

438 4309 775 4385 communicacionis
793 4305 1002 4384 sententiam
1021 4335 1043 4383 a
1059 4309 1216 4409 praesatis
1234 4306 1268 4382 J.
1292 4306 1475 4382 Sabinensi
1494 4308 1671 4407 episcopo,
1695 4322 1731 4384 et
1751 4311 1893 4385 Thoma

410 4461 415 4472 ·
438 4430 607 4506 cardinali
631 4430 807 4529 prolatam
833 4430 1027 4514 incurrerit,
1045 4441 1082 4504 et
1103 4429 1220 4504 distas
1240 4428 1288 4503 G.
1308 4454 1402 4527 papa
1428 4429 1540 4527 ipsum
1567 4429 1803 4505 anathematis
1820 4432 1893 4505 vin-

438 4552 519 4625 culo
549 4549 748 4634 innodavit;
784 4575 827 4624 ac
856 4549 934 4650 post
960 4549 1106 4625 ecclesie
1134 4548 1296 4623 Romane
1323 4548 1566 4633 cardinalium,
1592 4549 1829 4649 praelatorum,
1857 4563 1899 4626 et·

437 4671 658 4754 clericorum,
685 4696 727 4744 ac
755 4670 903 4744 aliorum
922 4671 1030 4745 etiam
1049 4669 1190 4744 diversis
1208 4668 1425 4768 temporibus
1449 4669 1494 4742 ad
1519 4668 1637 4743 sedern
1664 4670 1890 4769 apostolicam

628 4986 635 5001 .
697 4916 708 4939 ⁸
731 4915 821 4976 Enzio,
836 4932 885 4969 son
898 4914 930 4968 os
938 4915 984 4968 the
997 4931 1117 4984 emperor
1131 4913 1250 4967 Fraderic
1265 4912 1312 4973 11..
1327 4929 1380 4966 was
1393 4912 1453 4981 ling
1464 4911 1496 4966 os
1506 4911 1630 4967 Sardinia.

809 5045 832 5092 Y
