4716 6428
724 1720 728 1728 ¹
785 1740 1128 1827 APPENDIX
1159 1739 1189 1826 l.

139 2297 184 2351 sol.
198 2302 243 2351 5³·
272 2303 367 2361 Asso
382 2304 549 2364 cccccxlv.
562 2323 613 2363 rex
628 2304 798 2364 Edmundus
810 2313 916 2365 terram
928 2305 1126 2365 Humhromm
1139 2307 1265 2366 uastauit
1278 2314 1308 2365 et
1320 2307 1375 2365 sihi
1389 2308 1572 2385 subiugatam
1583 2305 1739 2366 Malcolmo

233 2437 235 2441 ν
270 2406 331 2480 regi
345 2404 497 2463 Scotorum
510 2407 732 2465 commendauit.

311 2506 398 2564 Anno
412 2507 504 2564 mlxx.
520 2526 571 2565 rex
593 2506 765 2566 Malcolmus
778 2506 916 2584 Angliam
935 2525 1027 2585 usque
1048 2505 1206 2566 Cleueland
1226 2509 1352 2566 uastauit
1371 2515 1442 2567 tnnc
1461 2508 1551 2568 cliton
1564 2507 1739 2586 Edgaroque

271 2608 414 2665 sororibus
429 2607 593 2684 Margarete
606 2617 636 2666 et
652 2607 795 2666 christine
808 2608 858 2665 uhi
873 2626 921 2666 eas
941 2609 1053 2666 inuenit
1065 2627 1165 2684 regem
1180 2608 1296 2685 Anglie
1309 2608 1453 2686 fugientes
1474 2610 1504 2666 in
1519 2608 1651 2668 Scoeiam
1665 2610 1740 2666 irent

270 2708 347 2782 apud
362 2707 588 2767 Weremundam
601 2709 631 2765 in
644 2709 739 2768 reditu
752 2726 805 2767 sno
818 2727 920 2784 pacem
932 2726 1014 2768 snam
1027 2709 1155 2779 donauit,
1166 2717 1196 2768 et
1210 2709 1403 2787 Margaretam
1416 2718 1517 2786 postea
1526 2711 1584 2768 eibi
1597 2711 1629 2767 in
1642 2711 1740 2768 matri·

270 2810 399 2866 monium
413 2809 569 2884 copulanit.

311 2911 397 2968 Anno
412 2911 502 2969 mxci.
514 2911 692 2969 reconciliati
702 2918 769 2968 sunt
781 2928 833 2968 rex
847 2909 1010 2968 Willelmus
1020 2911 1128 2988 Anglie
1142 2919 1171 2968 et
1184 2910 1271 2969 linter
1284 2931 1352 2969 suus
1367 2911 1540 2980 Rodbertus,
1555 2918 1585 2969 et
1598 2929 1649 2968 rex
1664 2909 1739 2967 Wil-

270 3010 370 3068 lelmus
379 3011 486 3087 Anglie
495 3013 622 3070 occurrit
630 3031 696 3071 cnm
702 3012 847 3071 excercitu
857 3011 920 3088 regi
929 3009 1093 3081 Malcolmo,
1099 3012 1157 3069 iam
1167 3010 1405 3070 Northumhriam
1414 3012 1548 3080 uastanti,
1554 3013 1584 3068 in
1590 3011 1741 3086 prouincia

270 3109 379 3181 Loidis,
388 3130 461 3188 quos
469 3131 565 3170 comes
577 3111 742 3170 Rodbertus
752 3131 788 3170 ea
801 3113 971 3171 condicione
984 3111 1150 3187 pacificauit
1163 3121 1196 3170 ut
1208 3130 1260 3169 rex
1275 3112 1427 3172 Scotorum
1437 3113 1499 3188 regi
1512 3111 1659 3170 Willelmo
1668 3113 1738 3171 ohe·

268 3212 358 3279 deret,
369 3219 399 3270 et
411 3231 463 3269 rex
478 3211 640 3269 Willelmus
654 3213 717 3289 regi
731 3211 888 3271 Malcolmo
901 3213 952 3269 xii.
961 3212 1054 3281 uillas,
1068 3200 1207 3289 quas'suh
1219 3219 1301 3288 patre
1315 3231 1373 3292 suo¹
1379 3212 1526 3281 habuerat,
1539 3213 1688 3279 redderet;
1708 3221 1738 3270 et

268 3312 318 3368 xii.
331 3331 441 3371 marcas
455 3313 517 3370 auri
531 3313 652 3389 siugulis
666 3330 757 3370 annus
771 3313 862 3370 daret.

308 3414 395 3471 Anno
411 3414 580 3472 mcxxxviii.
593 3431 644 3470 rex
659 3411 759 3471 David
773 3411 973 3470 miserabiliter
986 3413 1112 3470 uastauit
1127 3411 1365 3470 Northumhriam
1378 3421 1479 3471 totam.

308 3512 372 3572 Rex
387 3514 548 3589 Stephanus
559 3516 589 3571 in
598 3515 692 3590 capite
702 3513 806 3591 jeiunii
817 3532 884 3571 cum
894 3513 1040 3572 excercitu
1051 3531 1157 3589 magno
1165 3514 1283 3570 venicus
1298 3512 1490 3590 Rolreshurgh
1499 3531 1566 3572 cum
1579 3514 1738 3590 ignominia

265 3617 363 3672 statim
375 3615 471 3672 rediit.
1396 3599 1427 3639 ρ
1501 3627 1505 3634 ‘

307 3716 393 3773 Anno
409 3716 556 3775 mcxxxix.
570 3733 627 3791 pax
640 3713 718 3773 facta
730 3721 775 3771 est
788 3715 862 3771 inter
876 3714 949 3772 dnos
961 3731 1045 3791 reges
1059 3714 1207 3772 instancea
1219 3714 1328 3790 regine,
1343 3721 1373 3772 et
1388 3712 1597 3771 Northumhria
1612 3713 1680 3771 data
1693 3721 1737 3770 est

267 3812 397 3874 Henrico
411 3816 471 3873 lilio
484 3815 562 3891 regis
576 3814 686 3873 David.

306 3916 394 3974 Anno
408 3916 555 3974 mclxxxv.
577 3914 722 3973 Henricus
742 3933 794 3972 rex
815 3914 922 3991 Anglie
943 3915 1112 3973 comitatum
1132 3916 1169 3973 de
1192 3913 1383 3972 Huntedonia
1401 3915 1497 3972 reddit
1512 3913 1659 3972 Willelmo
1672 3915 1734 3991 regi

267 4015 431 4074 Scottorum
444 4015 601 4074 honorifice
615 4024 644 4073 et
656 4017 793 4092 plenarie,
806 4017 882 4075 sicut
895 4016 956 4091 ipse
969 4015 1071 4074 hahuit
1084 4024 1150 4073 ante
1164 4034 1307 4092 guerram,
1321 4016 1398 4091 apud
1413 4014 1632 4074 Windelesofre.

307 4117 394 4174 Anno
409 4133 504 4175 nexo.
522 4116 684 4175 Willelmns
698 4136 749 4174 rex
765 4116 930 4177 Scottorum
940 4116 1022 4175 dedit
1037 4116 1165 4177 Ricardo
1178 4118 1240 4193 regi
1253 4116 1415 4194 Anglorum
1426 4136 1454 4173 x.
1464 4117 1544 4175 milia
1553 4119 1735 4176 marcssauri

265 4228 294 4273 et
314 4219 426 4294 argenti
439 4226 557 4294 propter
576 4219 723 4277 libertates
737 4226 766 4276 et
780 4219 937 4296 dignitates
957 4237 992 4276 ac
1005 4218 1128 4276 honores
1148 4237 1215 4277 snos
1235 4236 1308 4294 quos
1328 4217 1429 4276 habuit
1449 4225 1516 4276 ante
1536 4236 1670 4294 guerram
1682 4237 1735 4294 pro

267 4317 396 4377 Berewic
416 4325 446 4375 et
461 4318 663 4395 Rolreshurgh,
684 4339 755 4397 quas
770 4319 915 4378 Henricus
934 4337 985 4377 rex
997 4337 1050 4395 per
1069 4320 1128 4376 xvi.
1141 4338 1231 4378 annos
1245 4318 1387 4377 uiolenter
1407 4319 1540 4387 detinuit,
1554 4326 1584 4377 et
1603 4320 1653 4386 sic,
1669 4317 1735 4376 Deo

266 4418 448 4494 suffragante,
460 4419 521 4476 eius
535 4420 740 4478 dominationis
748 4428 777 4478 et
787 4421 934 4479 seruitutis
948 4421 1048 4498 iugum
1061 4439 1159 4497 graue,
1170 4438 1288 4497 arogno
1301 4418 1466 4505 Scottorum
1479 4420 1567 4496 digne
1576 4426 1606 4476 et
1619 4418 1735 4477 honori·

266 4519 320 4576 lice
334 4520 488 4576 submouit.

309 4619 395 4676 Anno
417 4620 524 4676 mccix.
543 4618 691 4677 Jolmnnes
711 4639 762 4676 rex
784 4621 891 4697 Anglie
912 4621 1060 4679 mandauit
1083 4619 1229 4677 Willelmo
1252 4619 1353 4677 Scocie
1373 4628 1406 4676 ut
1426 4619 1452 4675 ei
1473 4626 1637 4676 occurreret
1657 4619 1734 4694 apud

270 4718 388 4777 Nouum
404 4718 568 4788 Castellum,
583 4728 613 4776 et
626 4721 817 4778 obuianenmt
830 4722 963 4778 aduicem
974 4719 1112 4796 Boyltun.
1134 4719 1197 4776 Rex
1212 4720 1309 4796 itaque
1321 4717 1485 4778 Scottorum
1495 4718 1657 4776 Willelmus
1666 4737 1734 4794 pro·

268 4822 360 4889 cessit,
375 4828 405 4877 et
418 4839 469 4878 rex
484 4821 591 4896 Anglie
605 4822 684 4878 venit
697 4840 788 4897 usque
802 4821 840 4880 ad
851 4820 990 4889 Norham,
1005 4822 1043 4878 ix.
1057 4820 1113 4878 kal.
1128 4820 1207 4889 Maii,
1222 4818 1293 4877 seria
1306 4821 1367 4888 vi't,
1381 4827 1411 4877 et
1424 4827 1485 4877 tam
1498 4820 1528 4876 in
1539 4820 1633 4877 reditu
1646 4837 1734 4896 quarn

268 4922 298 4977 in
316 4922 438 4979 transitu
452 4921 611 4998 hospitatus
631 4929 675 4978 est
694 4922 771 4997 apud
788 4921 908 4980 Anewic
927 4922 1050 4997 propriis
1070 4921 1209 4996 expensis,
1224 4926 1253 4976 et
1273 4919 1434 4978 hahuerunt
1453 4919 1629 4997 colloquium
1648 4921 1733 4978 ambo

266 5039 349 5099 reges
362 5023 439 5099 apud
453 5023 624 5098 praedictum
637 5022 794 5093 castellum,
809 5030 838 5080 et
852 5020 958 5082 iniecto
972 5022 1095 5100 negocio
1108 5021 1302 5081 discescerum
1315 5019 1354 5077 vi.
1367 5019 1424 5079 lral.
1438 5019 1508 5079 Mai.

594 5127 662 5197 20
1210 5139 1219 5161 ·

812 5346 833 5397 Ο
