4716 6428
308 733 538 813 nonnos.
660 701 980 811 eunomios
1014 734 1085 809 nn
1119 734 1405 812 unrnnos
1452 681 1455 687 ⁸
1689 744 1762 822 209

305 953 427 1051 itaque
454 950 673 1025 dormitionis
699 949 733 1023 in
757 949 902 1023 Simone
928 960 1005 1023 erat
1029 973 1158 1048 pauca,
1185 950 1353 1048 quoniam
1379 917 1565 1051 frugalitas
1591 952 1668 1050 ejus
1693 953 1760 1026 fuit

182 1069 186 1078 ’
304 1095 448 1173 magna,
468 1096 575 1170 parca
591 1082 723 1145 tamen.
778 1068 826 1143 Et
844 1068 891 1143 fic
909 1081 1153 1168 comparatum
1171 1068 1344 1145 habemus
1365 1071 1546 1144 Simonem
1564 1072 1759 1172 frugalitati

306 1193 440 1276 fauste,
452 1192 620 1291 quoniam
634 1190 768 1265 sobrius
781 1190 858 1290 ejus
869 1189 984 1264 vibius
998 1188 1149 1263 sobrium
1162 1189 1374 1290 sequebatur
1385 1193 1581 1289 sompnum,
1595 1205 1633 1266 ut
1646 1194 1760 1268 verbis

306 1312 504 1387 sanstiffimi
522 1323 602 1386 utar
622 1311 807 1386 Bemardi.
847 1310 907 1385 De
924 1311 1130 1411 frugalitate
1149 1336 1231 1384 vero
1249 1312 1402 1386 Simonis
1422 1312 1517 1386 Petri
1536 1325 1634 1411 patet
1652 1315 1760 1413 paulo

305 1445 400 1518 ante,
419 1431 464 1507 de
488 1458 560 1534 qua
586 1432 658 1532 ipse
676 1431 872 1530 procedens
890 1430 1036 1504 ulterius
1053 1430 1191 1505 videtur
1216 1431 1425 1533 loquipum
1451 1432 1536 1507 dicit
1559 1434 1619 1508 ubi
1643 1437 1757 1533 supra,

305 1572 327 1603 ‘⁶
342 1584 418 1643 nos
445 1558 481 1633 id
508 1557 560 1633 est
585 1583 655 1658 ego
673 1567 710 1630 et
734 1557 843 1631 frater
868 1581 969 1630 meus
992 1581 1183 1655 germanus
1202 1556 1377 1642 Andreae,
1397 1583 1418 1630 a
1442 1584 1564 1657 puero,
1583 1560 1713 1635 scilicet
1738 1587 1759 1634 a

304 1681 467 1777 pueritia,
485 1679 588 1754 valde
607 1678 772 1777 pauperis
795 1677 1005 1751 crevimus.”
1059 1675 1156 1750 Ecce
1179 1678 1366 1776 frugalitas
1385 1677 1479 1752 Petri
1502 1680 1640 1753 initiata
1658 1706 1679 1753 a
1697 1682 1758 1754 sua

305 1813 515 1900 paupertate
533 1799 720 1883 matutina,
738 1822 809 1896 que
826 1797 950 1896 postea
967 1796 1135 1871 decorata
1152 1797 1218 1870 fuit
1239 1798 1274 1870 in
1293 1798 1386 1871 scola
1407 1798 1535 1873 Christi
1553 1802 1759 1901 frugalitate

303 1947 385 1996 vere
409 1921 617 2004 sanetitatiS,
634 1919 729 1992 unde
756 1916 853 2016 quafi
876 1917 981 1991 unius
1006 1917 1281 2015 comparationis
1304 1919 1424 2017 quoad
1449 1921 1691 2019 frugalitatem
1709 1923 1758 1995 vi·

303 2042 430 2116 dentur
457 2040 526 2115 effe
553 2042 731 2114 confortes
749 2036 820 2111 duo
842 2037 1017 2121 Simones,
1044 2037 1137 2111 salva
1163 2037 1363 2137 majoritate
1388 2041 1547 2137 apostoli,
1566 2067 1636 2140 que
1659 2043 1757 2117 suam

302 2162 546 2263 frugalitatem
560 2160 693 2258 recepit
707 2185 752 2233 ex
764 2157 880 2232 verbis
895 2157 1041 2230 Domini
1055 2156 1204 2231 dicentis
1222 2157 1374 2233 “videte
1387 2184 1433 2234 ne
1447 2172 1637 2259 graventur
1650 2162 1758 2238 corda

302 2283 417 2356 vestra
434 2281 580 2380 crapula
597 2292 634 2354 et
660 2279 875 2363 ebrietate;'’
903 2302 973 2378 que
1001 2277 1072 2351 duo
1090 2277 1185 2351 mala
1209 2277 1254 2351 ab
1273 2292 1423 2378 utroque
1445 2280 1589 2355 Simone
1615 2284 1759 2357 fuerunt

304 2404 484 2503 elongata.
540 2400 646 2476 Unde
678 2399 801 2473 Simon
831 2398 1031 2472 scolasticus
1057 2397 1185 2471 Christi
1209 2399 1324 2497 potuit
1353 2399 1470 2475 dicere
1503 2400 1547 2475 ad
1575 2402 1757 2477 Simonem

302 2524 450 2598 militem
467 2521 608 2606 Christi,
622 2519 646 2594 fi
664 2518 804 2593 fuissent
818 2518 1118 2617 contemporanei,
1132 2518 1218 2591 illud
1236 2517 1382 2592 verbum
1400 2520 1496 2618 quod
1515 2522 1565 2594 ait
1581 2521 1757 2597 Clementi

303 2643 472 2743 discipulo
491 2645 564 2727 fu0,
584 2641 643 2714 ubi
662 2642 777 2739 supra,
796 2653 820 2684 ‘⁶
833 2638 939 2711 miror
958 2637 1133 2736 acmagis
1150 2649 1186 2713 te
1204 2639 1342 2712 laudo’'
1363 2641 1570 2738 (eratenim
1591 2642 1759 2718 Clemens

302 2789 397 2865 papa
420 2765 465 2838 de
488 2762 650 2863 prosapia
678 2759 851 2858 inperiali,
876 2769 912 2832 et
939 2758 1062 2832 Simon
1086 2783 1207 2832 comes
1230 2757 1276 2832 de
1300 2759 1447 2834 stemate
1474 2761 1606 2862 regali)
1636 2776 1759 2863 “quo

302 2884 409 2960 modo
423 2910 504 2959 cum
521 2895 561 2957 tu
579 2882 622 2957 fis
639 2882 690 2955 vir
707 2880 818 2954 multe
830 2877 1073 2953 habundantio
1091 2880 1236 2954 veniens
1255 2880 1301 2954 ad
1314 2906 1379 2955 nos
1397 2894 1471 2956 tam
1485 2883 1555 2957 cito
1573 2885 1758 2959 transferre

303 3019 339 3081 et
361 3017 484 3105 aptare
502 3016 538 3079 te
555 3003 713 3103 potueris
737 3001 782 3075 ad
808 3000 901 3075 hanc
918 3000 1027 3074 vitam
1052 2999 1218 3085 nostram,
1237 3026 1307 3100 que
1331 3002 1410 3076 solis
1428 3004 1537 3077 utitur
1559 3004 1759 3080 necessariis

302 3125 532 3226 paupertatis,
556 3148 628 3198 non
646 3121 874 3223 voluptatis.”
928 3119 1010 3194 Nec
1032 3119 1159 3193 mirum
1177 3120 1228 3193 est
1245 3118 1270 3194 fi
1288 3122 1494 3220 arripientes
1512 3124 1605 3197 viam
1624 3125 1758 3224 justitie

303 3258 444 3346 propter
464 3246 600 3330 Deum,
619 3244 752 3318 donum
769 3243 1028 3341 consequantur
1051 3240 1265 3341 frugalitatis
1282 3242 1455 3340 perfecte,
1473 3268 1655 3343 nunquam
1674 3245 1758 3320 defi·

304 3367 429 3442 cientis
447 3392 469 3439 a
486 3377 582 3439 meta
600 3363 713 3438 sobrie
734 3364 913 3447 mensure3
940 3386 1021 3434 cum
1038 3360 1201 3460 legamus
1219 3359 1374 3459 quedam
1393 3363 1559 3438 animalia
1576 3365 1758 3440 irrationa-

305 3487 390 3561 bilia
406 3511 535 3560 munus
548 3497 647 3560 tante
665 3483 875 3559 abstinentie
893 3481 985 3556 adeo
1002 3481 1162 3580 perfecte
1181 3480 1352 3581 accepisse
1371 3509 1393 3556 a
1408 3483 1504 3568 Deo,
1519 3494 1558 3559 ut
1575 3510 1757 3585 nunquam

304 3609 424 3683 vivant
441 3632 485 3682 ex
504 3607 623 3706 aliquo
642 3606 810 3680 alimento
829 3602 984 3702 coporali
1002 3600 1088 3676 licut
1107 3613 1225 3676 cetera
1244 3603 1449 3678 animantia.
1494 3602 1599 3679 Unde
1617 3605 1758 3681 Solinus

304 3740 423 3803 narrat
446 3729 483 3803 in
505 3726 595 3801 libro
613 3725 659 3802 de
678 3724 903 3801 Mirabilibus
920 3722 1055 3808 mundi,
1073 3723 1229 3822 capitulo
1253 3723 1443 3798 centesimo
1460 3724 1557 3825 lxiiij.
1577 3725 1622 3800 de
1640 3752 1757 3800 cama·

304 3852 435 3936 leonte,
463 3849 606 3924 animali
630 3844 874 3948 quadrupede,
893 3843 990 3945 quod
1013 3844 1090 3945 ejus
1112 3856 1239 3918 natura
1256 3844 1337 3919 talis
1358 3845 1408 3918 est
1432 3856 1471 3919 ut
1496 3870 1614 3945 neque
1639 3846 1758 3922 cibum

305 3972 424 4073 capiat
448 3995 567 4070 neque
590 3979 678 4068 potu
696 3968 822 4052 alatur,
848 3991 916 4041 nec
939 3965 1009 4040 alio
1028 3965 1196 4039 alimento
1214 3965 1297 4038 vivit
1315 3991 1423 4065 quam
1448 3965 1574 4040 haustu
1592 3968 1694 4052 aeris,
1713 3969 1759 4042 ad

304 4118 412 4192 quem
434 4090 546 4166 habet
571 4088 708 4164 hiatum
732 4100 904 4173 eternum,
927 4099 962 4161 et
986 4097 1105 4160 tamen
1132 4084 1240 4159 habet
1264 4111 1407 4160 carnem
1430 4098 1466 4161 et
1492 4088 1698 4188 sanguinem
1722 4102 1758 4164 et

307 4214 448 4299 viscera,
466 4223 506 4286 ut
528 4210 637 4285 tradit
662 4208 797 4283 Plinius
822 4207 912 4282 libro
929 4206 1001 4306 viij.
1026 4205 1181 4305 capitulo
1206 4206 1327 4305 xxiiij,
1354 4218 1390 4280 et
1416 4207 1623 4307 dicitquod
1648 4208 1758 4284 habet

306 4358 449 4407 carnem
472 4331 644 4430 incapite
668 4341 705 4403 et
727 4328 877 4403 maxillis
895 4338 931 4402 et
948 4338 1063 4401 totum
1087 4326 1294 4427 sanguinem
1312 4327 1467 4426 corporis
1485 4327 1535 4402 sui
1559 4328 1595 4402 in
1618 4328 1759 4405 modica

307 4451 423 4526 cauda
441 4476 549 4551 quam
567 4451 670 4550 gerit,
689 4460 862 4523 ettamen
881 4473 962 4522 cum
979 4446 1020 4521 fit
1040 4447 1194 4521 maxima
1212 4446 1335 4534 bestia,
1353 4459 1391 4522 ut
1413 4448 1486 4546 ipse
1503 4447 1587 4522 dicit
1604 4449 1693 4523 libro
1710 4451 1757 4550 xj.

309 4571 493 4647 Naturalis
506 4569 670 4668 hystorie,
682 4570 839 4667 capitulo
852 4567 994 4668 xxxviij.
1008 4566 1114 4640 nichil
1129 4566 1237 4640 habet
1251 4567 1342 4641 intra
1356 4569 1391 4642 se
1404 4579 1521 4669 preter
1531 4569 1758 4655 vacuitatem,

307 4717 379 4791 que
401 4715 473 4765 non
492 4690 644 4764 creditur
662 4689 731 4764 effe
749 4688 820 4764 fine
839 4713 934 4774 aere,
952 4687 1121 4787 quoniam
1139 4698 1178 4760 ut
1201 4688 1273 4785 ipse
1292 4688 1376 4762 dicit
1403 4689 1438 4763 in
1455 4687 1544 4763 libro
1561 4690 1647 4789 viij„
1665 4691 1761 4790 capi·

307 4812 383 4885 tulo
400 4809 546 4910 xxxiiij,
560 4812 695 4909 semper
713 4810 815 4885 hians
828 4808 937 4883 habet
950 4833 990 4882 os
1008 4807 1054 4881 ad
1071 4807 1277 4881 alimentum
1295 4809 1397 4896 aeriS,
1411 4808 1483 4884 fine
1497 4809 1601 4885 ullius
1618 4810 1760 4887 alterius

309 4934 389 5008 usin
406 4930 607 5007 ministerio.
655 4930 747 5005 Sunt
764 4942 800 5006 et
818 4930 889 5005 alia
905 4927 1099 5004 animantia
1116 4952 1187 5028 que
1204 4928 1325 5003 vivunt
1343 4929 1476 5030 absque
1494 4929 1669 5007 alimentis
1686 4957 1761 5007 cor·

682 5056 705 5126 2
724 5075 749 5126 n
