4716 6428
638 745 712 812 220
1003 736 1322 814 CHRONICA
1356 737 1432 812 DE
1466 736 1752 812 MAlLROS.
1857 734 1957 812 Ab.
1989 740 2096 821 1270.

642 953 749 1026 mittit
780 952 826 1026 ad
856 953 954 1028 illum
980 954 1161 1053 quendam
1192 951 1426 1028 admiraldum
1453 951 1582 1027 divitiis
1610 963 1647 1026 et
1676 950 1852 1051 potestate
1881 951 2099 1051 locupletem

643 1072 758 1147 valde.
805 1074 877 1159 Qui
895 1100 977 1148 cum
990 1074 1135 1149 venisset
1150 1074 1196 1148 ad
1214 1100 1308 1160 eum,
1323 1074 1443 1148 dolose
1460 1074 1651 1174 legationis
1668 1073 1819 1148 nuncius
1832 1072 2021 1172 solempnis
2039 1071 2100 1146 sed

643 1195 796 1268 secretus
810 1196 972 1281 existens,
986 1207 1103 1294 preter
1121 1195 1265 1294 illaque
1283 1206 1477 1294 antequam
1496 1194 1541 1268 ad
1559 1195 1672 1291 ipsum
1685 1206 1771 1268 tunc
1783 1205 1929 1269 venerat
1947 1191 2099 1292 premisit

642 1314 754 1387 multa
771 1317 924 1413 pretiosa
941 1315 1122 1401 donativa,
1145 1342 1241 1390 nunc
1258 1315 1368 1389 donat
1386 1316 1420 1390 ei
1437 1342 1530 1415 eque
1549 1316 1702 1416 pretiosa
1719 1315 1777 1390 vel
1801 1313 2006 1414 pretiosiora
2022 1339 2098 1387 mu·
2203 1416 2208 1422 g

644 1459 742 1520 nera,
759 1449 885 1534 petens
903 1436 1032 1510 obnixe
1060 1436 1106 1510 ab
1129 1462 1174 1511 eo
1192 1448 1231 1509 ut
1254 1437 1464 1535 parvitatem
1482 1438 1593 1521 suam,
1612 1462 1683 1536 que
1707 1448 1784 1511 erat
1806 1461 1940 1537 magna
1964 1436 2048 1510 licet
2065 1435 2099 1508 ei

643 1554 689 1628 fic
707 1557 921 1655 loqueretur,
940 1558 987 1631 ad
1004 1558 1156 1656 gratiam
1174 1557 1329 1631 amicitie
1347 1569 1383 1632 et
1400 1557 1580 1631 fidelitatis
1597 1558 1764 1658 dignetur
1781 1557 1986 1641 admittere;
2012 1579 2100 1654 quo·

644 1678 751 1762 niam,
776 1690 815 1751 ut
839 1678 970 1763 aiebat,
996 1678 1046 1751 illi
1072 1677 1198 1751 habuit
1224 1680 1396 1752 secretum
1423 1678 1541 1752 anime
1569 1679 1630 1751 sue
1657 1678 1795 1777 aperire
1823 1678 1856 1752 ei
1880 1677 1977 1777 quod
2002 1677 2100 1750 nullo

644 1798 751 1870 modo
778 1800 888 1873 voluit
914 1799 1098 1873 ostendere
1119 1799 1182 1873 nifi
1209 1825 1336 1898 pacem
1362 1800 1461 1873 suam
1489 1812 1525 1873 et
1553 1799 1705 1899 gratiam
1730 1798 1793 1874 srbi
1820 1800 1917 1899 prius
1942 1798 2100 1872 voluisset

645 1920 853 1995 concedere.
906 1920 1044 1995 Juravit
1069 1946 1156 2020 ergo
1180 1921 1214 1994 ei
1240 1946 1302 2020 per
1322 1920 1443 1995 Deum
1465 1919 1563 2020 quod
1589 1920 1681 1995 salus
1705 1921 1822 1996 anime
1846 1922 1907 1995 sue
1932 1921 1969 1994 in
1993 1944 2101 1994 manu

647 2042 708 2113 sua
726 2054 813 2127 erat,
828 2043 923 2117 unde
942 2043 1003 2128 ait,
1022 2042 1202 2116 “obsecro
1221 2053 1256 2116 te
1275 2067 1321 2115 ne
1339 2041 1430 2116 sinas
1447 2066 1505 2115 me
1523 2042 1675 2141 perire.”
1731 2042 1801 2116 Cui
1818 2041 2009 2141 resspondit
2027 2040 2100 2114 Ed-

645 2162 812 2249 uuardus‚
826 2164 960 2238 nullam
977 2163 1114 2238 hebens
1132 2163 1295 2238 fraudem
1309 2163 1344 2236 in
1358 2162 1586 2248 conscientia,
1601 2163 1699 2262 quod
1716 2164 1829 2237 multo
1846 2163 1963 2262 magis
1979 2162 2102 2236 mallet

645 2285 757 2382 ipsum
775 2297 811 2359 et
828 2310 952 2360 omnes
969 2285 1184 2360 Sarracenos
1202 2284 1246 2357 de
1264 2283 1398 2357 mundo
1416 2283 1540 2357 salvari
1557 2309 1666 2383 quam
1683 2285 1809 2384 perire.
1864 2284 1948 2369 Quo
1967 2283 2101 2366 audito,

643 2405 821 2479 simulator
835 2405 983 2480 callidus
996 2406 1146 2505 procidit
1160 2405 1206 2479 ad
1220 2431 1339 2504 genua
1354 2404 1541 2479 affabiliter
1554 2404 1616 2479 fibi
1631 2404 1878 2504 colloquentis,
1892 2403 2101 2479 deosculans

643 2554 703 2610 ea;
727 2526 880 2602 srmiliter
898 2526 1121 2601 osculabatur
1142 2526 1252 2626 pedes
1270 2538 1307 2599 et
1329 2550 1456 2599 manus
1479 2526 1569 2624 ejus,
1588 2525 1739 2600 asserens
1757 2527 1793 2599 se
1809 2525 2007 2600 feliciorem
2025 2526 2101 2623 jam

644 2649 782 2721 sactum
805 2647 875 2721 effe
893 2673 1001 2747 quam
1020 2672 1177 2746 unquam
1203 2648 1321 2721 suerat
1344 2659 1439 2732 ante,
1458 2647 1519 2746 qui
1537 2657 1611 2720 tam
1637 2644 1776 2746 gloriosi
1800 2646 1968 2746 principis
1991 2646 2101 2719 filium

644 2768 836 2866 promeruit
853 2767 989 2852 videre;
1016 2767 1117 2867 cujus
1140 2768 1306 2867 principis
1323 2768 1491 2867 preconia
1514 2767 1754 2866 multipliciter
1780 2766 1953 2841 extollens
1969 2767 2101 2865 pariter

645 2902 681 2962 et
706 2889 780 2973 filii,
807 2888 926 2964 aiebat
944 2889 982 2962 'ei
1008 2914 1080 2961 non
1097 2889 1206 2962 talem
1232 2889 1267 2962 in
1286 2889 1446 2962 universo
1464 2888 1550 2962 orbe
1574 2889 1650 2962 sore
1677 2888 1827 2962 alterum
1845 2888 2014 2987 juvenem
2038 2888 2099 2986 qui

647 3023 720 3083 tam
739 3010 880 3085 viriliter
898 3021 1023 3110 egerat
1041 3011 1076 3083 in
1100 3010 1297 3083 hastiludiis
1315 3022 1352 3084 et
1377 3022 1451 3083 tam
1470 3010 1617 3110 egregie
1636 3009 1681 3083 de
1700 3010 1769 3084 suis
1788 3009 1936 3082 inimicis
1948 3007 2100 3081 trihum·

646 3132 772 3230 pharat
786 3132 821 3204 in
836 3130 955 3217 bellis3
973 3132 1158 3230 appellans
1176 3132 1289 3230 ipsum
1303 3131 1451 3230 proinde
1465 3157 1536 3204 non
1551 3130 1663 3204 solum
1677 3130 1801 3204 florem
1815 3128 2100 3214 Christianitatis,

645 3253 705 3327 sed
719 3265 756 3328 et
769 3253 878 3327 totius
895 3251 990 3327 orbis
1008 3253 1181 3327 victorem
1198 3253 1368 3337 futurum,
1384 3264 1406 3297 “
1418 3250 1467 3325 fi'’
1484 3251 1598 3351 inquit
1612 3250 1658 3324 ad
1670 3250 1780 3335 illum,
1799 3249 1880 3324 “ad
1894 3263 1931 3338 te
1944 3251 2101 3350 placeret

649 3374 922 3449 Christianitatis
939 3374 1109 3447 immensa
1127 3373 1342 3447 multitudini
1360 3373 1510 3447 fideliter
1524 3373 1703 3446 confluere
1716 3383 1840 3446 contra
1862 3372 2100 3446 Sarracenita-

645 3511 717 3569 tem
735 3496 926 3570 nostram.’'
973 3494 1252 3569 Christianorum
1265 3495 1387 3593 itaque
1405 3493 1530 3568 laudes
1543 3494 1768 3593 multipharie
1785 3493 1975 3592 multisque
1988 3493 2102 3567 modis

644 3618 806 3701 efferens,
830 3617 969 3691 locutus
991 3616 1043 3691 est
1066 3617 1099 3690 ei
1123 3617 1158 3689 in
1185 3641 1270 3690 aure
1294 3614 1391 3715 quod
1409 3615 1515 3689 vellet
1536 3614 1755 3688 Christianus
1772 3614 1876 3699 effici,
1894 3640 1959 3713 pro
1977 3641 2033 3701 eo,
2052 3616 2102 3689 in·

646 3738 743 3836 quid,
761 3737 859 3836 quod
876 3737 965 3812 fides
985 3737 1265 3814 Christianorum
1282 3736 1424 3811 excellit
1442 3761 1584 3810 omnem
1605 3735 1712 3809 fidem
1735 3734 1913 3810 miraculis
1930 3735 2100 3836 gloriosis.

647 3857 788 3942 Quibus
801 3857 917 3931 verbis
931 3858 1020 3931 alter
1033 3857 1188 3957 benigne
1200 3858 1365 3931 nimirum
1380 3857 1620 3940 exhillaratus,
1635 3856 1685 3929 ait
1702 3855 1769 3940 illi;
1794 3869 1817 3901 “
1831 3856 1983 3930 feliciter
1996 3870 2100 3931 natus

644 3980 737 4051 suilli
764 3977 798 4052 fi
814 3979 942 4053 feceris
967 3991 1004 4052 te
1030 3979 1101 4052 cito
1126 3977 1312 4078 baptizari,
1339 3979 1508 4078 quoniam
1532 3977 1620 4050 fides
1643 3977 1760 4050 nostra
1785 3976 1956 4076 estquod
1985 3978 2099 4051 omnis

644 4101 751 4171 homo
765 4100 827 4197 qui
844 4099 1046 4198 baptizatus
1063 4124 1135 4172 non
1152 4099 1271 4184 suerit,
1290 4099 1325 4172 in
1344 4111 1506 4173 eternum
1523 4125 1605 4173 cum
1623 4097 1779 4196 dyabolo
1796 4096 1941 4197 peribit;
1967 4109 2004 4171 et
2016 4097 2099 4171 ideo

644 4220 669 4292 fi
687 4221 738 4293 vis
756 4220 879 4293 salvari
902 4218 1029 4292 festina
1045 4219 1232 4319 baptizari,
1255 4220 1426 4317 quoniam
1449 4221 1592 4320 ignoras
1611 4219 1705 4293 diem
1728 4218 1849 4293 mortis
1874 4221 1972 4293 tue.’‘
2028 4219 2099 4293 Cui

644 4341 834 4440 respondit,
853 4340 972 4413 “selix
989 4338 1349 4424 fitconfiliumtuum,
1363 4353 1496 4415 namet
1514 4367 1584 4440 ego
1598 4341 1679 4415 volo
1693 4340 1883 4425 babtizari3
1903 4340 1964 4415 sed
1982 4340 2099 4414 habeo

645 4488 791 4537 uxorem
817 4461 1029 4561 legittimam
1053 4473 1089 4534 et
1112 4460 1231 4559 plures
1249 4485 1388 4545 uxores,
1411 4461 1502 4535 filios
1520 4487 1664 4561 quoque
1688 4475 1725 4537 et
1741 4462 1843 4548 filiae,
1866 4474 2041 4563 cognatos
2064 4475 2100 4536 et

644 4585 872 4685 propinquos,
890 4607 981 4682 quos
999 4581 1156 4656 desidero
1175 4606 1246 4654 una
1263 4606 1404 4655 mecum
1422 4581 1634 4681 baptismum
1652 4584 1775 4657 sancte
1792 4583 1875 4656 fidei
1893 4583 2006 4658 vestre
2024 4608 2100 4683 per·
2133 4580 2179 4634 f⁰¹·
2196 4586 2241 4640 7⁴·
2255 4583 2281 4634 b·

642 4707 777 4803 cipere:
805 4705 885 4778 volo
907 4703 1027 4803 igitur,
1047 4714 1241 4801 autequam
1265 4701 1437 4803 baptizer,
1456 4703 1534 4778 illos
1552 4703 1597 4777 de
1621 4704 1758 4778 ratione
1776 4703 1858 4778 fidei
1882 4704 2099 4805 percipiendi

643 4827 868 4901 convenire.”
916 4824 977 4899 Ad
991 4849 1099 4924 quem
1114 4823 1343 4921 Eduuardus,
1362 4838 1386 4869 ‘⁶
1399 4823 1526 4910 bene‚”
1546 4825 1673 4925 inquit,
1692 4825 1917 4911 “facietis,fi
1934 4851 2100 4926 propera·

512 5027 515 5033 ,
642 4949 759 5022 veritis
777 4960 816 5021 ut
834 4946 1076 5047 baptizemini,
1099 4945 1185 5046 quia
1207 4946 1348 5021 nescitis
1370 4946 1495 5021 horam
1518 4947 1641 5020 mortis
1657 4944 1808 5020 vestre.”
1865 4946 1994 5021 Stabat
2011 4972 2097 5046 ergo
