4716 6428
298 718 398 795 Ab.
430 715 538 791 1065.
655 708 975 786 CHRONICA
1008 707 1085 782 DE
1120 706 1409 785 MAlLROS.
1711 718 1759 783 55

348 931 457 1005 Anno
473 927 587 1003 mlxv.
609 923 816 1024 Agelwinus
835 920 1084 995 Dunelmensrs
1102 921 1288 1019 episcopus
1306 920 1379 993 olla
1397 919 1493 994 beati
1516 920 1645 995 Oswini
1664 925 1757 1023 regis

295 1064 333 1127 et
350 1048 509 1148 martyris
528 1045 624 1147 apud
644 1043 899 1118 Tinemutham
918 1041 962 1115 de
983 1042 1140 1115 Tumulo
1158 1041 1194 1114 in
1221 1042 1345 1114 scrinio
1363 1066 1496 1139 magno
1523 1068 1605 1115 cum
1622 1043 1756 1117 honore

293 1170 435 1245 levavit.
939 1238 945 1249 ,

345 1292 452 1363 Anno
471 1286 517 1359 ab
536 1283 778 1358 incarnatione
798 1280 944 1353 Domini
962 1280 1150 1377 m⁰.lx⁰.vj⁰.
1178 1278 1266 1353 obiit
1293 1281 1351 1379 pie
1369 1282 1539 1354 memorio
1559 1280 1755 1357 Edwardus

294 1433 365 1495 rex,
382 1408 496 1481 honor
514 1417 550 1480 et
573 1403 687 1504 gloria
706 1399 904 1500 Anglorum
924 1400 1008 1472 dum
1026 1400 1124 1486 vixit,
1150 1400 1344 1473 eorundem
1371 1402 1471 1473 ruina
1493 1401 1577 1475 dum
1594 1404 1752 1488 moritur,

292 1528 414 1629 postea
443 1550 552 1624 quam
571 1524 704 1597 curiam
723 1523 820 1594 suam
837 1522 874 1592 in
891 1521 1075 1593 nativitate
1091 1520 1236 1592 Domini
1267 1521 1376 1619 [Dec.
1396 1528 1456 1606 25,
1479 1522 1605 1620 1065],
1624 1536 1663 1596 ut
1690 1550 1752 1623 po·

292 1650 358 1725 tuit
377 1645 577 1721 Lundoniis
590 1652 753 1716 tenuerat
764 1650 799 1713 et
811 1639 994 1713 ecclesiam
1009 1641 1118 1713 lancti
1134 1640 1229 1713 Petri
1240 1640 1544 1715 Westmonasterii
1559 1669 1667 1741 quam
1678 1645 1751 1743 ipse

291 1794 314 1843 a
329 1765 570 1842 fundamentis
587 1762 838 1845 construxerat,
857 1785 939 1833 cum
957 1786 1088 1859 magna
1106 1760 1220 1859 gloria
1238 1760 1393 1834 dedicari
1411 1764 1605 1863 fecerat,[in
1630 1765 1748 1863 vigilia

294 1887 495 1989 Epiphanie
534 1883 633 1983 [Jan.
653 1881 720 1981 5];
747 1882 805 1954 cui
834 1880 911 1981 post
941 1880 1078 1954 obitum
1108 1882 1185 1979 ejus
1216 1882 1371 1955 succellit
1403 1882 1585 1958 Horoldus
1611 1886 1749 1959 comitis

294 2006 457 2083 Godwini
474 2004 577 2079 filins.

342 2127 421 2202 Rex
438 2125 714 2223 Noreganorum
742 2119 923 2193 Haroldus
943 2118 1193 2219 Herphaglror‚
1212 2122 1319 2194 frater
1337 2123 1448 2195 saneti
1470 2123 1576 2197 Olaui
1597 2126 1690 2224 regis
1711 2140 1747 2198 et

292 2248 463 2345 martyrio,
481 2257 517 2319 et
536 2242 678 2317 Tostius
696 2266 816 2315 comos
834 2239 930 2339 apud
952 2240 1273 2339 Strinfordobrige‘l
1290 2243 1509 2316 occiduntur.

344 2364 544 2439 Willelmus
562 2362 711 2436 Bastard
727 2360 898 2459 Angliam
917 2359 1072 2433 debellat
1090 2372 1126 2433 et
1145 2359 1298 2445 obtinet3
1326 2374 1361 2434 et
1376 2362 1421 2435 ab
1437 2363 1635 2436 Aldredon
1650 2363 1746 2437 Ebo-

293 2484 422 2560 racenfi
440 2483 704 2583 archiepiscopo
723 2480 818 2581 apud
841 2479 1192 2554 Westmonasterium
1212 2481 1247 2553 in
1266 2507 1388 2580 regem
1407 2484 1640 2556 consecratur.

339 2604 423 2679 Visa
441 2603 494 2677 est
510 2615 662 2677 cometa.

339 2722 447 2797 Anno
464 2722 602 2821 mlxvij.
622 2747 684 2795 rex
705 2719 906 2794 Willelmus
925 2718 1185 2793 Normanniam
1203 2720 1319 2805 rediit,
1338 2720 1472 2795 ducens
1490 2723 1608 2795 secum
1629 2722 1744 2796 Doro-

293 2844 493 2919 bemensem
512 2842 810 2941 archiepiscopum
833 2840 1057 2939 Stigandum,
1073 2841 1239 2914 clitonem
1256 2841 1454 2940 Arlgarum,
1469 2843 1616 2916 comites
1630 2842 1744 2915 Edwi·

293 2988 370 3038 nurn
386 2977 424 3038 et
443 2963 651 3037 Morkarum
670 2973 707 3035 et
727 2960 910 3033 Walteum
937 2972 973 3033 ct
999 2961 1127 3034 multos
1152 2961 1302 3035 aliosde
1328 2961 1558 3036 nobilioribus
1586 2962 1743 3063 Anglie;

295 3082 425 3159 rediens
441 3108 537 3167 vero,
559 3068 688 3182 llnglis
704 3080 916 3179 inportabile
934 3080 1104 3153 tributum
1121 3081 1296 3179 imposuit,

339 3202 444 3279 Anno
461 3202 613 3300 mlxviij.
632 3201 704 3274 duo
723 3226 816 3299 pape
834 3201 870 3273 in
890 3199 1006 3273 Roma
1024 3201 1112 3273 facti
1131 3202 1220 3284 sunt,
1240 3201 1276 3273 id
1302 3201 1353 3274 est
1371 3203 1555 3301 episcopus
1576 3203 1742 3276 Parmen-

295 3322 348 3397 fis·
362 3324 422 3423 qui
440 3322 604 3423 expulsus
621 3320 684 3405 est,
703 3332 740 3393 et
758 3321 942 3419 episcopus
960 3320 1005 3393 do
1026 3319 1144 3393 Lucat
1166 3321 1225 3419 qni
1244 3346 1339 3419 papa
1357 3321 1555 3419 permansit.

340 3444 442 3518 Anno
460 3442 587 3517 mlxix.
607 3466 727 3514 comes
747 3439 924 3514 Robertus
954 3439 1083 3513 Cumin
1110 3465 1191 3512 cum
1218 3441 1316 3513 ncctis
1341 3443 1416 3515 fero
1442 3443 1523 3515 viris
1550 3442 1645 3541 apud
1665 3443 1741 3516 Du·

297 3562 440 3637 nelmum
458 3588 481 3635 a
499 3560 724 3636 Norhimbris
742 3560 944 3634 occiditur.u

341 3682 515 3757 Aldredus
533 3680 817 3779 archiepiscopus
834 3679 933 3753 obiit.

343 3800 443 3876 Anno
457 3802 572 3876 mlxx.
591 3827 652 3875 rex
668 3801 883 3874 Malcolmus
898 3799 1067 3899 Angliam
1087 3802 1196 3898 usqne
1211 3801 1400 3875 Clineland
1418 3798 1582 3886 vastavit3
1601 3815 1637 3876 et
1655 3814 1738 3876 tunc

301 3918 403 3995 clitoni
421 3922 570 4022 Edgaro
588 3932 624 3995 et
642 3921 817 3994 sororibus
845 3920 1051 4019 Margarete
1076 3932 1112 3993 et
1133 3920 1320 4007 Clrristine,
1347 3921 1409 3995 ubi
1436 3949 1497 3995 eas
1523 3923 1655 3996 invenit
1681 3949 1733 3996 re·

303 4062 371 4135 gem
388 4041 519 4143 Anglie
536 4042 728 4141 fugientes,
746 4052 786 4114 ut
803 4041 839 4112 in
862 4040 1019 4113 Scotiam
1038 4042 1139 4126 irent,
1159 4042 1255 4141 apud
1272 4041 1554 4116 Weremnndam
1572 4044 1606 4115 in
1625 4043 1739 4116 reditu

304 4180 411 4253 pacem
426 4163 525 4235 suam
543 4161 688 4235 donavit
706 4172 742 4234 et
762 4160 1008 4260 Margarotam
1032 4161 1153 4260 postea
1172 4161 1233 4235 fibi
1252 4162 1286 4235 in
1306 4164 1596 4236 matrimoniumw
1610 4163 1738 4262 junxit.

342 4376 577 4453 *Smnfordbriege
616 4385 643 4436 S.
655 4383 777 4435 Dunelm.
798 4381 848 4435 col,
866 4385 925 4434 191,
966 4380 1033 4434 This
1051 4382 1133 4435 battle
1152 4401 1206 4437 was
1225 4383 1317 4453 fought
1337 4403 1408 4455 upon
1431 4386 1548 4457 lllonday
1566 4387 1613 4440 tlrc
1631 4388 1697 4440 ‘25tlr
1715 4388 1748 4443 os

307 4456 447 4529 September,
461 4469 496 4520 id.
624 4466 650 4499 m
672 4468 709 4521 W.
724 4468 854 4537 Ncwhrr'g.
873 4470 901 4526 l;
921 4466 965 4519 M.
982 4467 1065 4527 Paris,
1081 4471 1107 4519 4.
1235 4467 1243 4489 ¹
1261 4469 1428 4522 Wrrltlrcrnrn
1444 4471 1551 4525 siwardi
1565 4472 1638 4525 ducis
1650 4471 1740 4525 filium.

306 4542 330 4593 θ’·
345 4544 451 4603 Dunetm.
473 4550 523 4603 ool.
549 4552 609 4607 197.
731 4549 740 4572 “
764 4550 856 4620 Styled
877 4550 1011 4603 Honorius
1036 4550 1072 4603 11.
1110 4554 1157 4604 Du
1177 4554 1299 4624 Fremny,
1323 4554 1349 4606 ii.
1372 4558 1438 4615 43&
1471 4556 1521 4608 See
1543 4555 1587 4607 M.
1609 4557 1693 4617 Paris,
1713 4562 1741 4609 5.

305 4620 314 4651 ²
328 4624 457 4685 Alexander
470 4634 506 4687 11.
520 4650 575 4687 was
588 4632 712 4687 crowned
725 4632 790 4685 aoth
803 4634 835 4686 ol
845 4635 998 4703 September
1011 4637 1086 4695 1061,
1102 4634 1155 4687 and
1167 4636 1227 4690 died
1240 4639 1300 4689 let
1313 4636 1344 4689 os
1355 4637 1428 4707 April
1444 4641 1521 4696 1073.
1632 4637 1645 4659 ¹¹
1662 4638 1741 4708 Upon

309 4704 454 4786 wedneeday
464 4717 511 4769 tlre
523 4716 589 4770 aeth
601 4716 633 4769 of
641 4717 758 4786 January
773 4721 849 4771 1069.
870 4720 898 4770 S.
909 4719 1031 4771 Drmelm.
1046 4718 1097 4771 col.
1115 4721 1173 4772 198.
1284 4718 1300 4741 '
1316 4722 1340 4774 T
1342 4720 1377 4773 lre
1389 4722 1584 4791 interpolation,
1599 4722 1682 4776 under
1694 4722 1741 4775 the

305 4802 359 4857 Μ
370 4796 437 4861 1056,
449 4810 537 4863 etates,
552 4800 611 4855 that
622 4799 669 4854 the
681 4800 805 4870 marriage
816 4800 882 4855 took
893 4801 968 4871 place
980 4802 1007 4855 in
1022 4804 1098 4859 1067.
