4716 6428
458 705 559 779 AD.
583 705 691 782 1268.
808 703 1128 780 CHRONICA
1162 704 1234 778 DE
1271 704 1562 781 MAILROS.
1837 719 1910 788 203

455 944 589 1021 magna
606 922 822 1021 quicumque
840 919 891 995 est
913 921 973 995 ille
990 920 1052 1021 qui
1070 944 1215 993 manum
1238 919 1335 993 illam
1359 918 1544 1005 abscidit,''
1563 923 1789 1023 narravitque
1813 923 1911 1000 vilio·

455 1065 537 1115 nem
558 1042 691 1117 secreto
709 1042 840 1126 clienti,
859 1065 968 1140 quam
992 1022 1064 1113 uon
1088 1064 1212 1114 omnes
1235 1039 1286 1113 set
1309 1040 1427 1138 plures
1451 1066 1495 1114 err
1518 1040 1681 1116 fidelibus
1702 1041 1830 1117 Christi
1848 1047 1908 1143 qui

456 1159 504 1234 ibi
523 1174 607 1236 tunc
623 1156 774 1237 ‘aderant
790 1161 909 1235 videre
927 1172 1150 1235 meruerunt:
1174 1160 1374 1258 precipiens
1391 1160 1424 1234 ei
1443 1172 1482 1234 ut
1500 1159 1667 1235 visionem
1685 1189 1795 1262 quam
1812 1163 1910 1239 audi·

456 1292 531 1355 erat
549 1283 693 1357 veniens
706 1280 752 1356 ad
772 1281 954 1357 dominum
972 1281 1072 1354 suurn
1085 1279 1236 1354 fideliter
1253 1281 1286 1353 ei
1300 1293 1490 1355 enarraret.
1531 1280 1653 1382 Pergit
1670 1283 1777 1383 igitur
1795 1286 1913 1361 servus

455 1425 603 1502 propere
621 1428 703 1476 cum
726 1427 834 1476 manu
858 1427 967 1501 quam
989 1399 1168 1499 bajularat
1191 1400 1237 1474 ad
1262 1401 1444 1474 dominum
1466 1402 1527 1500 qui
1554 1427 1635 1475 eum
1662 1404 1814 1489 miserat,
1841 1430 1911 1479 non

455 1522 549 1596 enim
568 1522 710 1596 intravit
728 1523 764 1596 in
783 1521 928 1595 domurn
947 1520 1090 1594 domine
1108 1522 1181 1605 sue,
1199 1518 1285 1594 ficut
1304 1521 1363 1594 illa
1381 1522 1587 1619 promiserat
1605 1536 1748 1622 propter
1765 1550 1911 1599 manum

455 1642 616 1729 allatam;
636 1642 730 1716 unde
744 1642 881 1716 videtur
894 1641 992 1740 quod
1006 1652 1082 1714 erat
1096 1666 1168 1714 una
1181 1666 1225 1714 ex
1238 1641 1348 1714 satuis
1360 1641 1567 1716 mulieribus
1580 1667 1650 1742 que
1664 1657 1738 1719 tarn
1753 1646 1912 1720 sanetum

455 1787 599 1837 manum
612 1777 687 1837 tam
704 1764 804 1837 satue
822 1763 1011 1846 recusarat,
1025 1760 1123 1861 quod
1141 1786 1212 1835 non
1231 1761 1297 1834 suit
1315 1762 1452 1836 fastum
1471 1760 1542 1836 sine
1560 1762 1702 1838 consilio
1720 1765 1913 1841 divinitatis

453 1883 572 1956 omnia
596 1882 688 1958 bene
713 1881 941 1981 disponentis.
993 1880 1079 1955 Non
1104 1881 1298 1956 eratenim
1322 1881 1526 1981 dignusvir
1550 1883 1638 1983 ejus,
1666 1885 1758 1960 filius
1784 1886 1910 1973 Belial,

453 2002 623 2102 poffidere
642 2004 677 2077 iu
696 2004 802 2079 domo
826 2004 888 2076 sua
910 2027 1055 2076 manum
1079 2012 1178 2075 tante
1197 2001 1394 2075 sanctitatis
1412 2013 1448 2074 et
1471 2003 1553 2076 ideo
1579 2004 1732 2078 creditur
1757 2006 1911 2081 transisse

453 2123 500 2196 ad
517 2122 751 2223 possessorem,
771 2123 853 2197 Deo
871 2122 1091 2220 providente,
1109 2121 1222 2194 multo
1240 2121 1435 2196 meliorem.
1492 2122 1564 2196 Sed
1578 2124 1759 2222 quomodo
1777 2126 1835 2200 vel
1851 2126 1914 2207 ubi

454 2243 646 2329 devenerit,
666 2245 803 2343 prorsus
821 2244 964 2344 ignor0;
982 2242 1045 2316 sed
1063 2241 1132 2315 hoc
1149 2266 1212 2339 pro
1226 2266 1309 2316 vero
1327 2241 1436 2315 fixum
1453 2254 1560 2316 teneo
1574 2256 1609 2317 et
1627 2244 1771 2319 firmiter
1789 2245 1910 2331 credo,

454 2365 551 2464 quod
569 2365 616 2439 ad
632 2364 848 2439 cotidianam
874 2363 1110 2437 elevationem
1136 2362 1297 2435 salutaris
1322 2360 1434 2437 hostie
1456 2363 1592 2438 solebat
1610 2377 1646 2438 et
1669 2365 1804 2452 Simon,
1823 2368 1908 2442 dum

452 2484 570 2559 adhuc
586 2486 732 2569 viveret,
755 2509 826 2558 non
843 2483 916 2558 srne
935 2482 1071 2583 ingenti
1089 2483 1287 2555 reverentia
1307 2481 1448 2567 Christi,
1466 2508 1537 2558 non
1554 2483 1628 2559 fine
1651 2485 1775 2560 intimo
1792 2513 1912 2563 amore

452 2606 542 2704 ejus,
562 2629 690 2679 manus
708 2606 788 2679 suas
799 2604 957 2699 elevare.
1013 2602 1128 2701 Cujus
1145 2600 1361 2676 devotissime
1385 2603 1593 2678 elevationis
1611 2618 1708 2680 certa
1725 2618 1762 2680 et
1784 2608 1911 2683 infalli-

433 2724 532 2823 ‚bilis
549 2725 758 2825 coujeetura
776 2723 1022 2823 postmortem
1039 2723 1117 2821 ejus
1134 2722 1272 2806 claruit,
1291 2722 1376 2795 dum
1394 2748 1521 2798 manus
1539 2725 1616 2823 ejus
1634 2737 1775 2800 mortua
1794 2728 1911 2802 eleva·

452 2857 519 2932 tur,
538 2857 577 2920 ut
591 2845 727 2919 dietum
741 2844 804 2929 est,
818 2843 1079 2941 redemptorem
1097 2842 1219 2916 mundi
1233 2841 1279 2917 de
1296 2842 1517 2918 mundissima
1533 2845 1669 2946 virgine
1687 2859 1912 2945 procreatum

452 2966 659 3051 adoratura3
683 2977 718 3039 et
744 2965 826 3039 ideo
853 2964 945 3039 bene
971 2963 1115 3038 memini
1139 2963 1184 3037 de
1208 2988 1252 3036 eo
1276 2963 1311 3036 iu
1329 2963 1547 3039 editiuncula
1570 2966 1616 3039 de
1639 2965 1733 3041 bello
1753 2965 1911 3044 Lawenfi

452 3088 563 3171 sacta,
581 3085 679 3187 quod
704 3086 823 3159 divina
846 3095 923 3159 erat
946 3084 1104 3182 preditus
1127 3084 1299 3182 sapientia
1316 3084 1402 3183 quid
1425 3085 1520 3158 enirn
1544 3086 1747 3184 sapientius,
1766 3089 1910 3173 rectius,

453 3208 506 3295 vel
525 3208 652 3282 melius
668 3206 720 3280 est
737 3206 871 3280 homini
889 3206 925 3278 iu
951 3204 1020 3279 hac
1037 3205 1110 3278 vita
1127 3229 1236 3304 quarn
1254 3215 1451 3279 creatorem
1475 3206 1575 3278 suurn
1599 3206 1722 3279 intimo
1740 3232 1785 3280 err
1803 3207 1910 3281 corde

453 3326 584 3401 cotidie
601 3326 761 3426 diligere,
779 3325 952 3410 venerari,
970 3336 1006 3398 et
1020 3326 1191 3400 adorare?
1223 3324 1331 3410 Quod
1344 3350 1415 3398 non
1430 3324 1553 3398 dubito
1571 3325 1753 3401 Simonem
1771 3328 1908 3415 fecisse;

453 3460 489 3521 et
507 3446 590 3521 ideo
607 3447 715 3521 finem
736 3447 873 3522 faciens
895 3446 1001 3545 hujus
1018 3445 1190 3531 miraculi,
1213 3470 1363 3544 propero
1382 3445 1429 3519 ad
1447 3445 1543 3519 aliud
1564 3446 1773 3520 miraculum
1792 3448 1908 3524 decla·

453 3567 603 3642 randum
620 3568 718 3667 quod
735 3568 960 3666 omnipotens
985 3566 1087 3641 Deus
1107 3565 1192 3641 fecit
1216 3591 1279 3664 pro
1302 3565 1458 3639 Simone.
1515 3566 1628 3665 Cujus
1648 3591 1775 3642 manus
1795 3569 1907 3644 multo

451 3689 646 3764 saneliores
662 3698 744 3762 sunt
762 3700 845 3762 ante
860 3687 981 3762 Deum
999 3685 1162 3761 manibus
1180 3685 1356 3784 Scipionis
1374 3712 1395 3759 a
1413 3686 1553 3761 Seneca
1571 3686 1737 3772 adoratis
1751 3700 1789 3762 ut
1807 3700 1906 3787 patet

452 3798 542 3884 libro
560 3808 620 3908 xij.
666 3808 725 3882 De
744 3806 934 3883 duodecim
952 3806 1134 3908 gradibus,
1152 3806 1309 3906 capitulo
1327 3806 1463 3892 ultimo,
1482 3807 1527 3880 ab
1545 3807 1619 3906 ipso
1642 3807 1781 3883 Seneca
1798 3809 1908 3885 edito.

500 3929 611 4004 Juxta
633 3928 815 4030 quoddam
832 3928 1005 4028 oppidum
1021 3928 1057 4002 in
1082 3925 1340 4002 Northumbria
1363 3939 1417 4001 est
1440 3927 1566 4002 domus
1591 3929 1752 4026 preclara
1775 3930 1810 4002 iu
1834 3955 1906 4030 qua

451 4049 587 4151 degunt
612 4049 775 4125 canonici
803 4046 1155 4124 Premoustratensisr
1181 4046 1324 4132 ordinis,
1352 4046 1434 4121 Deo
1461 4048 1662 4123 servientes.
1724 4049 1784 4124 Ad
1815 4050 1907 4126 hanc

451 4168 595 4245 domum
622 4170 762 4246 delatus
788 4168 841 4244 est
867 4194 931 4269 pes
960 4168 1127 4254 Simonis,
1157 4192 1221 4267 per
1246 4168 1358 4242 virum
1381 4167 1495 4243 felicis
1517 4170 1699 4255 memorie,
1723 4170 1906 4245 dominum

450 4288 651 4366 Johanncm
670 4291 716 4364 de
742 4288 887 4387 Wescp‚
911 4287 1094 4363 dourinum
1111 4286 1214 4389 burgi
1232 4288 1278 4363 de
1297 4272 1503 4374 Alnewike,
1516 4287 1764 4364 sundatorem⁸
1783 4304 1821 4366 et
1845 4316 1906 4391 pa·

449 4423 591 4486 tronum
608 4411 735 4487 domus
758 4409 1011 4485 canonicorum
1028 4434 1119 4509 quos
1139 4408 1286 4508 predixi,
1309 4434 1481 4508 quocum
1499 4408 1736 4507 permansisset
1757 4436 1820 4510 per
1843 4411 1905 4485 ali-

450 4542 539 4629 quot
555 4531 693 4607 menses
710 4530 855 4607 omniuo
871 4530 1095 4631 incorruptus
1111 4529 1275 4605 inventus
1291 4528 1354 4603 est.
1402 4527 1508 4603 Unde
1521 4542 1665 4629 propter
1682 4530 1904 4605 durationem

450 4662 550 4725 tante
567 4649 838 4750 incorruptionis
853 4651 890 4725 in
908 4649 1001 4751 pede
1018 4649 1132 4727 runi
1148 4649 1301 4725 hominis
1318 4648 1444 4723 merito
1463 4649 1618 4736 invente,
1637 4650 1798 4725 canonici
1816 4650 1905 4749 ejus·

495 4821 507 4854 ¹
525 4822 578 4879 See
590 4822 717 4879 Tmer'r
727 4824 838 4888 ΝΜ,
854 4822 1014 4879 Northumb.
1030 4826 1055 4877 l.
1183 4820 1198 4857 ⁶
1218 4822 1259 4893 By
1268 4818 1317 4875 tlte
1327 4818 1578 4893 vordsmdusm,
1591 4823 1613 4878 ir
1624 4833 1695 4877 murt
1706 4832 1755 4879 not
1766 4824 1799 4878 be
1811 4824 1906 4880 undar.

447 4906 527 4965 stood
543 4906 670 4963 thartha
681 4906 1008 4981 rbbeyotntnvrekw
1019 4904 1137 4963 sormdod
1152 4905 1254 4979 bythis
1265 4904 1338 4959 John
1349 4904 1384 4961 ds
1397 4905 1491 4979 Vesey,
1505 4906 1567 4961 rrlro
1580 4924 1635 4961 was
1646 4917 1829 4981 eotemporary
1840 4908 1905 4965 vitlr

449 4992 539 5048 Simon
551 4992 586 5049 ds
600 4990 736 5057 Mousortr
750 4990 971 5065 sortlrspresent
985 4990 1134 5056 Chronicle,
1147 5008 1176 5063 p.
1190 4994 1234 5055 7³.
1247 4988 1366 5062 myrtho
1378 4990 1464 5047 house
1475 5008 1530 5046 rm
1542 4990 1697 5047 soundediu
1710 4996 1786 5053 11⁴7.
