4716 6428
319 713 418 787 AD.
449 718 555 789 1245.
670 708 991 788 CHRONICA
1023 708 1100 786 DE
1134 709 1420 788 MAl'LROS.
1705 722 1769 800 l7l

316 928 552 1003 hereticorum
570 924 745 1003 vocabulo
770 925 850 1001 illos
869 926 932 1027 jus
957 925 1060 1001 civile
1083 925 1257 1001 contineri
1284 925 1423 1011 asserat,
1441 939 1477 1001 et
1502 927 1583 1002 latis
1608 928 1772 1005 adversus
1871 964 1880 987 τ

316 1074 380 1124 eos
396 1048 583 1124 sentenciis
600 1045 773 1122 deberent
788 1046 1032 1135 succumbere,
1049 1047 1113 1147 qui
1129 1047 1185 1121 vel
1208 1047 1277 1122 levi
1295 1059 1507 1148 argumento
1525 1074 1548 1121 a
1560 1047 1696 1147 judicio
1715 1076 1772 1125 ca·

314 1169 446 1245 tholice
464 1169 645 1270 religionis
662 1179 700 1243 et
716 1167 858 1242 tramite
876 1166 1013 1244 detecti
1028 1167 1161 1243 fuerint
1178 1167 1334 1255 deviare.

366 1290 499 1366 Praeter
524 1289 614 1375 baec,
640 1313 792 1391 regnum
821 1288 976 1375 Scicilie,
1006 1287 1105 1389 quod
1134 1289 1186 1364 est
1214 1289 1367 1388 speciale
1397 1289 1649 1389 patrimonium
1677 1290 1771 1366 beati

316 1410 425 1497 Petri,
444 1423 481 1486 et
505 1410 601 1487 idam
626 1410 799 1511 princepe.
814 1409 861 1485 ab
885 1408 1079 1510 apostolica
1101 1408 1185 1485 sede
1206 1409 1353 1484 tenebat
1379 1409 1416 1483 in
1438 1411 1601 1495 feodum;
1623 1412 1701 1511 jam
1727 1413 1772 1486 ad

314 1544 451 1606 tantam
475 1532 516 1605 in
530 1531 667 1607 clericis
684 1542 721 1606 et
737 1531 839 1606 laicis
856 1530 1139 1606 exinanicionem
1156 1542 1193 1605 et
1213 1531 1415 1605 servitutem
1438 1531 1588 1632 redegit,
1607 1533 1705 1633 quod
1721 1535 1772 1608 eis

314 1678 406 1752 pene
431 1654 573 1754 penitus
595 1651 707 1727 nichil
730 1650 957 1737 habentibus,
981 1663 1017 1726 et
1040 1650 1205 1726 omnibus
1230 1651 1306 1726 lere
1332 1651 1460 1727 exinde
1486 1652 1607 1752 probis
1632 1653 1770 1752 ejefitis,

313 1772 391 1848 illos
412 1775 474 1874 qui
498 1773 740 1873 remanserunt
763 1771 898 1847 ibidem
920 1771 984 1847 sub
1001 1771 1114 1847 servili
1138 1772 1348 1848 condicione
1366 1773 1483 1847 vivere
1502 1798 1545 1847 ac
1572 1772 1771 1849 Romanam

312 1894 508 1981 ecclesiam,
526 1894 629 1994 cujus
645 1892 885 1994 principaliter
902 1893 982 1967 sunt
1004 1892 1166 1967 homines
1184 1918 1227 1967 ac
1245 1891 1389 1979 vassalli,
1407 1893 1587 1969 offendere
1605 1896 1771 1996 multipli-

310 2015 399 2089 citer
416 2041 460 2091 ac
477 2015 648 2090 hostiliter
664 2015 876 2115 impugnare
889 2013 1082 2114 compellit.
1120 2012 1238 2088 Posset
1251 2025 1288 2087 et
1304 2014 1431 2088 merito
1445 2014 1655 2115 reprehendi
1673 2017 1770 2116 quod

312 2123 367 2211 Μ.
386 2135 556 2236 [10‚000]
570 2133 825 2235 squifatorumh
838 2159 995 2210 annuam
1007 2133 1225 2235 pensionem,
1235 2135 1271 2209 in
1282 2161 1355 2235 qua
1367 2161 1432 2235 pro
1443 2135 1572 2210 eodem
1585 2161 1697 2236 regno
1708 2136 1770 2236 ipfi

309 2256 456 2332 ecclesie
476 2255 639 2331 Romane
657 2265 810 2342 tenetur,
828 2280 892 2355 per
909 2255 957 2330 ix.
975 2279 1089 2330 annos
1106 2266 1144 2329 et
1161 2255 1313 2355 amplius
1331 2257 1463 2331 solvere
1481 2256 1710 2355 praetermifit.
1796 2250 1801 2259 ’

360 2376 441 2452 Nos
458 2377 565 2478 igitur
587 2377 691 2476 super
713 2374 892 2476 praemillis
909 2387 946 2451 et
969 2375 1238 2475 quampluribus
1255 2376 1333 2451 aliis
1351 2377 1428 2475 ejus
1445 2376 1609 2452 nefandis
1627 2378 1769 2454 excelli·

308 2498 387 2582 bus,
406 2522 488 2574 cum
510 2496 679 2572 fratribus
700 2496 880 2572 nostriset
902 2496 1001 2571 sacro
1020 2496 1170 2572 concilio
1188 2495 1449 2572 deliberatione
1471 2495 1669 2597 praehabita
1692 2499 1769 2572 dili-

300 2619 420 2720 genti,
438 2643 521 2693 cum
545 2616 631 2693 Jesu
651 2614 780 2693 Christi
797 2617 894 2693 vices
915 2617 999 2693 licet
1021 2617 1187 2692 immeriti
1206 2629 1392 2692 teneamus
1408 2618 1444 2691 iu
1462 2618 1574 2704 terris,
1597 2617 1769 2718 nobisque

219 2800 223 2809 .
307 2740 343 2813 in
369 2738 465 2814 beati
486 2738 582 2813 Petri
605 2737 755 2838 persona
780 2735 821 2811 fit
847 2736 996 2823 dicium,
1020 2736 1311 2838 “quodcumque
1329 2737 1471 2813 solveris
1494 2739 1597 2838 super
1623 2751 1764 2825 terram,

307 2861 373 2934 erit
385 2860 538 2935 solutum
556 2859 593 2933 in
606 2858 702 2944 celo;
728 2869 765 2933 et
778 2856 1032 2959 quodcumque
1045 2858 1212 2958 ligaveris
1224 2859 1327 2958 super
1340 2870 1482 2943 terram,
1496 2859 1563 2934 erit
1576 2859 1766 2960 ligatum,’'

308 2994 390 3066 etc,
416 2991 653 3054 memoratum
678 2979 888 3080 principem,
914 2978 976 3079 qui
1003 2979 1040 3053 se
1065 2979 1214 3079 imperio
1241 2990 1277 3053 et
1303 2979 1422 3079 regnis
1440 2979 1608 3079 omnique
1634 2978 1768 3055 honore

307 3100 461 3177 reddidit
477 3112 552 3175 tam
575 3099 774 3201 indignum,
798 3101 932 3200 quique
955 3111 1098 3200 propter
1116 3101 1197 3177 suos
1213 3099 1419 3200 iniquitates
1437 3125 1459 3174 a
1478 3099 1560 3175 Deo
1578 3125 1624 3174 ue
1642 3116 1767 3202 regnet
1808 3086 1812 3095 ¹

307 3247 375 3297 nec
399 3221 539 3320 imperit
567 3221 619 3296 est
644 3219 820 3320 abjectus,
847 3221 917 3295 suis
945 3219 1097 3320 ligatum
1126 3220 1284 3319 peccatis
1314 3231 1350 3294 et
1383 3219 1567 3319 abjedtum
1598 3222 1767 3322 omnique

308 3343 442 3417 honore
470 3368 513 3417 ac
539 3341 715 3442 dignitate
743 3341 917 3440 privatum
945 3364 968 3417 a
995 3332 1152 3415 Domino
1179 3329 1408 3426 ostendimus,
1435 3339 1703 3425 denunciamus,
1730 3355 1766 3417 et

307 3462 555 3537 nichilominus
581 3461 834 3538 sentenciando
859 3461 1055 3561 privamus;
1090 3460 1185 3535 cives
1211 3461 1273 3560 qui
1298 3461 1332 3536 ei
1355 3446 1559 3560 juramento
1587 3459 1766 3536 fidelitatis

306 3594 473 3658 tenentur
498 3582 629 3659 astridii
656 3583 903 3683 ajuramento
929 3580 1129 3681 hujusmodi
1154 3593 1327 3680 perpetuo
1351 3580 1584 3666 absolventes,
1611 3582 1764 3656 auctori-

305 3715 382 3778 tate
405 3703 597 3801 apostolica
618 3703 764 3778 firmiter
786 3702 992 3788 inhibendo,
1014 3727 1061 3777 na
1085 3702 1271 3803 quisquam
1295 3701 1341 3777 de
1364 3713 1484 3778 cetero
1497 3700 1569 3809 ,fibi
1592 3713 1764 3801 tanquam

306 3824 507 3924 imperatori
522 3824 578 3899 vel
591 3825 668 3926 regi
681 3836 807 3925 pareat
819 3824 876 3899 vel
893 3821 1072 3910 intendat;
1095 3822 1320 3899 decernendo
1334 3821 1508 3923 quassibet
1521 3823 1583 3923 qui
1596 3823 1764 3923 deinceps

305 3944 338 4018 ei
356 3945 453 4019 velut
475 3944 680 4044 imperatori
697 3945 754 4020 vel
776 3945 854 4046 regi
871 3941 1053 4020 confilium
1070 3945 1126 4019 vel
1149 3944 1320 4018 auxilium
1342 3943 1564 4044 praestiterint
1580 3945 1642 4018 seu
1665 3946 1762 4019 savo·

305 4089 390 4150 reru,
408 4065 484 4165 ipso
496 4065 597 4140 facto
612 4065 988 4141 excommunicationis
1005 4064 1145 4140 viuculo
1159 4063 1353 4165 subjacere.
1400 4063 1454 4139 Illi
1472 4076 1593 4139 autern
1611 4065 1658 4140 ad
1674 4092 1764 4166 quos

303 4187 339 4260 iu
356 4185 485 4261 ecdem
511 4185 660 4286 imperio
677 4185 899 4287 imperatoris
915 4185 1054 4286 spectat
1072 4185 1215 4272 electio,
1234 4185 1370 4287 eligant
1391 4184 1502 4261 libere
1519 4185 1760 4262 successorem.

304 4306 384 4382 Nos
403 4332 489 4381 vero
514 4306 560 4381 de
586 4308 736 4407 praesato
760 4332 873 4408 regno
895 4306 1037 4383 Scicilie
1063 4332 1145 4400 cum
1172 4307 1367 4382 eorundem
1392 4307 1541 4381 fratrum
1565 4306 1761 4382 nostrorum

303 4425 446 4501 confilio
462 4425 648 4527 providere
666 4428 880 4515 curabimus,
897 4427 985 4503 ficut
997 4426 1189 4503 viderimus
1206 4426 1388 4528 expedire.
1425 4424 1563 4501 Datum
1578 4425 1760 4528 Lugduni,

303 4548 389 4646 xvj0.
407 4547 580 4641 kalendas
600 4549 753 4650 Augusti
774 4548 862 4650 [Jul.
885 4547 961 4648 17],
979 4547 1208 4648 pontificatus
1224 4547 1332 4622 nostri
1350 4570 1445 4622 anno
1462 4546 1612 4621 tercio.’'

120 4802 221 4857 fotor.
237 4803 262 4857 o.
353 4799 376 4831 ‘⁶
393 4785 652 4874 Fannnnrcus,
676 4790 751 4864 Dei
774 4790 903 4891 gratia,
928 4787 1170 4864 Romanorum
1193 4790 1385 4889 imperator
1407 4789 1542 4886 semper
1564 4784 1758 4885 Augustus,

917 4921 931 4954 r
946 4920 1140 4992 aequorum
