4716 6428
304 712 404 788 An.
428 714 535 795 ner.
656 664 978 786 onnorvrcu
1011 706 1083 785 nn
1117 707 1405 785 Mnrnnos.
1694 722 1763 791 ms

300 941 388 1004 natu
409 928 549 1013 Scocie,
567 949 718 1025 quorum
744 934 852 1023 caput
877 932 954 997 erat
974 920 1158 998 Walterus
1178 921 1309 999 Cumin
1328 923 1447 999 dietus
1472 948 1593 1000 comes
1610 927 1656 1001 de
1678 927 1759 1004 Ma·

300 1049 436 1135 neteth,
459 1048 550 1124 inter
573 1069 700 1122 manus
726 1043 1114 1120 excommunicatorum
1138 1043 1321 1120 dominum
1344 1047 1445 1119 suum
1473 1070 1597 1146 regem
1616 1072 1759 1124 conver·

301 1162 449 1255 sautem,
467 1180 504 1244 et
522 1167 688 1242 timentes
704 1189 751 1240 ne
769 1174 846 1238 tota
862 1176 957 1240 terra
981 1163 1172 1240 interdicto
1189 1163 1400 1264 subjaceret,
1417 1166 1639 1243 surrexerunt
1654 1180 1692 1243 et
1714 1169 1759 1244 de

301 1315 423 1365 eorum
441 1286 606 1363 manibus
624 1284 720 1386 apud
736 1283 866 1359 Kinros
883 1308 966 1359 eum
980 1284 1183 1384 eripientes,
1197 1285 1260 1359 suo
1273 1310 1385 1385 regno
1402 1285 1638 1361 restituerunt.
1677 1286 1759 1364 Hoc

301 1409 449 1485 audiens
467 1408 576 1484 totius
592 1406 677 1482 mali
696 1405 912 1482 architectus
926 1404 1065 1480 Alanus
1079 1405 1264 1492 Ostiarius,
1283 1417 1318 1481 et
1331 1407 1459 1482 timens
1476 1432 1540 1508 pro
1558 1407 1758 1508 proditione

300 1557 373 1631 qua
389 1530 573 1607 dominum
591 1530 692 1603 suum
717 1551 840 1626 regem
865 1538 1022 1626 ceperat,
1040 1525 1086 1600 ad
1112 1550 1236 1627 regem
1255 1522 1388 1628 Anglie
1405 1528 1516 1628 fugit3
1542 1531 1651 1604 ceteri
1674 1556 1758 1607 vero

301 1649 531 1752 complicesbb
548 1648 626 1750 ejus
642 1648 714 1723 huo
730 1647 887 1747 illucque
904 1647 984 1721 sunt
1000 1645 1153 1747 disperfi.

351 1771 460 1847 Anno
479 1769 626 1846 Domini
642 1767 828 1867 mcclviij.
849 1767 896 1843 A.
915 1791 976 1842 rex
997 1767 1124 1843 Scocie
1142 1767 1238 1841 venit
1257 1766 1472 1844 Rokeburch
1490 1794 1572 1845 cum
1597 1773 1755 1847 exercitu
1783 1769 1787 1778 '

298 1895 372 1979 suc,
390 1906 430 1966 ut
448 1891 597 1967 rebelles
615 1901 651 1965 et
669 1887 995 1964 excommunicatos
1012 1887 1209 1988 proditores
1226 1889 1306 1964 suos
1323 1887 1385 1963 libi
1411 1888 1628 1990 subjugaret.
1682 1893 1755 1978 Qui

295 2013 457 2087 inducias
475 2021 652 2112 petentes,
665 2021 702 2085 et
715 2011 751 2084 se
764 2009 797 2083 ei
811 2020 848 2083 et
861 2008 939 2107 ejus
955 2007 1097 2110 legibus
1113 2032 1238 2109 parere
1252 2007 1372 2083 dolose
1389 2010 1648 2110 promittentes,
1660 2012 1756 2087 diem

294 2134 391 2233 apud
411 2133 537 2207 Forfar
554 2131 763 2216 statuerunt,
782 2141 821 2204 ut
838 2128 887 2203 ibi
905 2129 1076 2229 quicquid
1093 2129 1316 2229 deliquerant
1334 2130 1576 2206 emendarent.
1613 2133 1754 2218 Quibus

292 2253 451 2354 acceptis
469 2254 536 2328 iter
554 2251 601 2327 ad
619 2275 742 2351 regem
762 2249 895 2349 Anglie
919 2249 1153 2350 arripuerunt,
1179 2249 1398 2350 postulantes
1416 2261 1455 2324 ut
1481 2263 1604 2327 contra
1630 2278 1753 2329 eorum

292 2374 509 2448 adversarios
526 2373 605 2472 ejus
622 2369 766 2446 contilio
783 2381 965 2446 tuerentur
983 2382 1020 2445 et
1036 2370 1180 2445 auxilio.
1236 2368 1377 2446 Interea
1397 2370 1496 2446 Scoti
1514 2384 1551 2447 et
1570 2372 1753 2450 Gelwithi·

291 2495 392 2569 enses
410 2494 472 2593 qui
497 2494 533 2566 in
559 2492 718 2567 exercitu
743 2491 898 2576 luerunt,
924 2501 962 2567 et
986 2489 1312 2592 inquadragefima
1338 2504 1374 2567 et
1400 2492 1509 2567 etiam
1534 2493 1570 2568 in
1596 2495 1670 2593 ipsa
1693 2496 1754 2571 die

291 2616 484 2714 paresceue
501 2637 627 2687 carnes
644 2610 887 2696 comederunt,
911 2610 1098 2686 infeliciter
1117 2611 1163 2686 ad
1186 2611 1328 2712 propria
1345 2623 1574 2698 revertentes,
1599 2617 1750 2714 patriam

292 2735 328 2809 in
345 2734 465 2810 multis
483 2732 762 2833 expoliaverunt.

344 2854 412 2930 Per
435 2854 530 2928 idem
556 2864 699 2952 tempus
719 2850 767 2928 G.
786 2851 972 2951 episcopus
998 2851 1111 2927 saneti
1131 2850 1298 2927 Andreee
1315 2880 1338 2926 a
1355 2878 1440 2954 rege
1459 2853 1506 2928 ab
1523 2855 1630 2930 exilio
1654 2882 1751 2931 revo-

293 2987 405 3060 catus,
423 2976 486 3049 suo
505 2973 724 3074 episcopatui
743 2970 967 3048 restauratur.

343 3094 443 3169 Obiit
459 3090 651 3169 Clemensd
668 3093 855 3194 episcopus
870 3090 1160 3179 Dunbleinenfis
1177 3105 1258 3191 post
1275 3118 1383 3192 quem
1401 3094 1538 3169 electus
1556 3095 1607 3170 est
1624 3099 1751 3198 magis·

292 3229 344 3290 ter
364 3214 542 3289 Robertus
560 3213 679 3289 dictus
697 3214 742 3290 de
762 3211 972 3299 Praebenda,
990 3212 1150 3313 ejusdem
1168 3212 1314 3289 ecclefie
1333 3213 1501 3290 decanus.

345 3335 448 3420 ltem,
466 3334 555 3410 obiit
572 3333 708 3409 Sewal⁶
727 3332 960 3409 Eboracenfis
978 3333 1274 3434 archiepiscopus,
1289 3335 1346 3408 cui
1360 3333 1517 3410 succedit
1530 3335 1749 3413 Godefridus

293 3455 452 3555 ejusdem
469 3454 615 3530 ecclelie
633 3455 803 3530 decanus.

347 3574 454 3650 Circa
471 3598 555 3649 vero
579 3574 802 3651 nativitatem
828 3571 934 3650 beate
953 3573 1070 3650 Marie
1091 3572 1196 3674 [Sep.
1215 3573 1255 3674 8]
1275 3575 1402 3649 iterum
1419 3576 1515 3650 venit
1540 3601 1602 3651 rex
1628 3576 1749 3653 Scotie

294 3720 374 3771 cum
392 3695 454 3771 suo
472 3694 629 3771 exercitu
647 3706 772 3771 contra
797 3694 987 3796 praedictos
1009 3693 1232 3795 proditores,f
1246 3721 1336 3795 quos
1354 3695 1515 3771 audierat
1532 3721 1614 3772 cum
1639 3723 1749 3773 manu

293 3828 430 3889 armata
446 3826 482 3890 et
500 3814 711 3914 quibusdam
737 3815 966 3916 magnatibus
984 3841 1006 3891 a
1022 3840 1109 3917 rege
1128 3814 1262 3916 Anglie
1286 3815 1473 3892 adveniffe.
1528 3816 1623 3893 Cum
1640 3819 1747 3920 igitur

291 3962 352 4012 rex
374 3936 495 4013 Scotie
513 3936 708 4012 exercitum
725 3937 827 4012 fuum
843 3937 1050 4037 expectaret
1068 3936 1164 4037 apud
1183 3935 1331 4023 Melros‚
1348 3948 1520 4012 venerunt
1538 3938 1584 4011 ad
1602 3963 1684 4014 eum
1702 3966 1747 4014 ex

291 4069 391 4158 parte
409 4058 504 4159 regis
524 4057 658 4158 Anglie
676 4082 796 4133 comes
816 4055 1096 4143 Herfordiesset
1122 4080 1242 4133 comes
1262 4056 1492 4142 Albamare,¹¹
1510 4071 1545 4133 et
1563 4057 1748 4136 lohannes

290 4179 335 4253 de
351 4176 492 4265 Baton}
508 4176 608 4278 quati
621 4189 662 4253 ut
678 4178 849 4279 populum
867 4178 1030 4254 sedarent
1044 4191 1080 4255 et
1097 4201 1225 4279 pacem
1237 4179 1329 4255 inter
1345 4177 1537 4279 predictos
1548 4179 1747 4280 proditores

326 4344 353 4376 ⁸³
370 4345 500 4416 opposite
512 4344 566 4399 this
578 4344 685 4400 lineare
697 4363 771 4400 some
783 4345 869 4400 vrords
878 4346 906 4400 in
917 4345 965 4401 the
974 4347 1080 4417 margin,
1092 4345 1124 4400 of
1132 4345 1219 4400 which
1234 4344 1362 4400 “deltos
1371 4355 1400 4401 et
1411 4345 1489 4401 hlar”
1501 4347 1578 4401 alone
1590 4366 1634 4402 are
1646 4348 1746 4418 legible.

288 4427 299 4450 ‘
317 4428 410 4483 Avrit
421 4428 453 4484 of
463 4429 555 4501 Henry
569 4429 621 4483 111.
636 4428 716 4486 dated
728 4429 782 4485 ted
793 4429 917 4502 lanuary,
932 4431 1023 4486 orders
1036 4430 1174 4486 Gameline
1184 4441 1213 4484 to
1224 4431 1258 4484 be
1270 4429 1393 4492 attested,
1408 4429 1432 4484 if
1441 4429 1476 4485 he
1488 4430 1584 4485 should
1596 4431 1749 4487 endeavour

288 4524 317 4565 to
335 4529 396 4582 pass
413 4512 528 4584 through
542 4512 671 4585 England.
711 4516 784 4569 Foed.
797 4513 815 4568 i.
831 4518 892 4569 369.
1019 4514 1161 4578 “Fordun
1175 4515 1201 4568 ii.
1216 4518 1259 4578 92,
1280 4532 1340 4586 says
1358 4513 1393 4569 he
1411 4514 1472 4570 died
1490 4516 1517 4570 in
1539 4519 1619 4577 125&
1633 4534 1678 4570 see
1691 4517 1747 4572 also

290 4596 375 4657 mitt,
389 4613 416 4666 p.
433 4599 492 4658 173,
507 4595 596 4652 where
608 4615 625 4652 a
636 4597 733 4653 double
745 4616 817 4652 error
828 4616 889 4670 may
900 4599 933 4653 be
943 4598 1080 4652 observed.
1189 4599 1201 4623 ‘
1217 4595 1303 4652 Seval
1314 4599 1375 4652 died
1387 4599 1449 4653 l2th
1465 4598 1536 4670 May,
1551 4604 1626 4664 12⁵8,
1642 4600 1694 4654 and
1707 4601 1747 4654 his

288 4696 432 4743 successor,
449 4679 567 4752 Godfrey
578 4682 611 4737 de
626 4682 772 4744 Ludeham‚
788 4700 841 4736 vves
851 4683 953 4738 elected
965 4683 1031 4736 esth
1040 4681 1110 4753 July.
1151 4682 1201 4736 See
1214 4682 1258 4735 M.
1270 4684 1354 4745 Paris,
1369 4699 1414 4753 pp.
1428 4686 1489 4746 652,
1504 4688 1564 4736 65⁵.
1675 4683 1748 4738 ‘See

289 4765 362 4819 Fer.
376 4764 393 4817 i.
408 4766 469 4827 ³76,
484 4766 545 4830 377,
560 4767 621 4824 378.
712 4767 726 4799 ⁸
741 4767 899 4838 Humphrey
910 4767 943 4820 de
959 4766 1063 4828 bohun,
1078 4765 1154 4819 ninth
1166 4765 1221 4819 earl
1233 4764 1264 4819 of
1274 4765 1413 4821 Heresord.
1440 4767 1528 4836 Dugd.
1543 4767 1639 4820 Barca.
1653 4767 1671 4819 i.
1685 4769 1745 4821 180.

287 4848 300 4878 ¹¹
317 4847 432 4903 William
444 4849 477 4904 de
492 4850 621 4913 Fortibus,
641 4851 754 4906 seventh
771 4850 825 4907 earl
838 4849 870 4906 os
880 4849 1037 4907 Albemarle.
1076 4850 1165 4921 Dvgd.
1176 4850 1272 4905 Boron.
1287 4850 1305 4904 i.
1319 4854 1363 4904 64.
1472 4850 1480 4881 ¹
1493 4847 1574 4912 John,
1592 4847 1651 4904 fifth
1664 4851 1746 4906 beron

290 4933 381 4988 Baliol.
419 4935 508 5006 Dvgd.
518 4935 614 4990 Baton.
628 4935 645 4988 i.
659 4938 721 4989 524.
