4716 6428
635 724 704 790 180
980 712 1301 791 CHRONICA
1333 712 1410 788 DE
1444 710 1735 789 MAILROS.
1856 712 1958 789 A.D.
1975 722 2084 792 1253.

633 946 733 1032 parte
750 931 889 1031 legatos
907 954 988 1005 cum
1006 930 1075 1005 suis
1092 929 1284 1013 canonicis,
1301 940 1338 1003 ct
1355 953 1415 1003 rex
1433 954 1477 1004 ex
1495 929 1606 1003 altera
1623 940 1724 1028 parte
1741 927 1822 1002 fuas
1837 930 1989 1005 nuncios
2005 955 2087 1005 cum

633 1052 800 1154 magistro
820 1051 926 1136 Abel,
944 1051 990 1125 ad
1012 1051 1147 1125 curium
1166 1048 1366 1124 Romanam
1383 1050 1656 1124 transmiserunt.
1703 1048 1777 1123 Sed
1793 1050 1961 1151 magister
1980 1049 2087 1136 Abel,
2136 1065 2185 1121 rot
2199 1071 2247 1121 so.

635 1188 674 1247 ut
690 1176 812 1258 fertur,
830 1173 945 1272 magis
962 1171 1115 1272 diligens
1132 1172 1230 1245 fuam
1248 1170 1517 1270 promotionem,
1535 1194 1644 1270 quam
1666 1169 1762 1271 regis
1779 1183 1843 1244 aut
1858 1173 1960 1273 regni
1977 1170 2088 1246 hono·

636 1321 722 1379 rem,
740 1321 762 1368 a
779 1296 914 1368 summo
931 1293 1097 1392 pontifice
1116 1293 1150 1364 in
1176 1292 1381 1392 episcopum
1404 1292 1440 1365 se
1463 1290 1576 1391 ipsum
1599 1292 1794 1365 consecrari
1817 1291 1921 1377 fecit3
1947 1303 1985 1366 et
2000 1291 2088 1368 fica

635 1417 732 1489 curia
750 1414 908 1488 disceffit.

687 1534 788 1610 Obiit
805 1535 968 1607 domiuus
987 1531 1205 1608 Gillebertus
1222 1533 1407 1632 episcopus
1427 1530 1592 1607 Candide
1607 1529 1712 1617 Casa,
1730 1531 1808 1632 post
1825 1557 1933 1633 quem
1950 1533 2088 1609 electus

637 1656 687 1729 est
704 1655 868 1729 dominus
882 1653 1060 1728 Heuricus
1074 1653 1186 1727 abbas
1203 1653 1249 1727 de
1267 1652 1404 1728 sancta
1417 1651 1551 1739 Crucc;
1569 1663 1606 1726 et
1623 1652 1669 1727 de
1687 1652 1823 1727 Sancta
1838 1652 1956 1728 Crucc
1969 1655 2089 1729 fanus

636 1776 687 1849 ost
705 1774 816 1850 abbas
834 1775 997 1849 dominus
1017 1773 1193 1849 Radulfus
1210 1773 1368 1874 ejusdem
1385 1773 1512 1848 domus
1529 1774 1733 1877 canonicus.

687 1895 827 1970 Eodem
841 1919 935 1969 anno
950 1893 988 1969 H
992 1893 1163 1994 [euricus]
1177 1920 1238 1968 rex
1254 1893 1387 1994 Anglie
1399 1895 1665 1969 transfretavit“
1677 1906 1717 1968 ut
1733 1893 1873 1969 sedaret
1884 1906 1995 1970 terras
2007 1896 2088 1971 fuas

636 2017 894 2101 transmarinas,
921 2040 1028 2115 quem
1046 2016 1186 2089 secutus
1211 2015 1263 2089 est
1288 2014 1427 2090 Alanus
1446 2014 1619 2089 Ostiarius
1641 2014 1775 2101 Scotie,
1798 2026 1835 2089 et
1859 2014 1977 2090 hostes
1994 2017 2089 2115 regis

638 2137 771 2238 Anglie
787 2137 924 2210 fortiter
942 2135 1132 2210 debellavit
1143 2147 1179 2208 et
1196 2135 1337 2220 devicit,
1351 2135 1447 2210 unde
1464 2135 1558 2237 regis
1569 2135 1762 2210 amicitiam
1778 2160 1849 2209 non
1863 2136 1974 2210 folum
1991 2162 2090 2218 rccu-

637 2259 773 2356 paravit
800 2257 860 2332 sed
889 2271 924 2331 et
951 2258 1173 2330 accusatores
1200 2257 1280 2331 suos
1304 2255 1400 2355 apud
1425 2256 1579 2330 eundem
1605 2280 1727 2355 regem
1752 2280 1834 2329 cum
1858 2256 2089 2357 complicibus

637 2380 705 2453 suis
722 2380 757 2452 in
776 2378 896 2452 multis
914 2378 1107 2462 accusavit3
1129 2377 1224 2451 unde
1241 2402 1375 2479 magna
1392 2375 1551 2452 diffenfio
1568 2377 1658 2451 inter
1674 2388 1863 2476 magnates
1880 2379 1981 2476 regni
2003 2378 2089 2453 Sco·

636 2500 685 2572 tie
703 2499 823 2583 crevit,
842 2511 880 2571 ut
899 2498 933 2570 in
952 2496 1245 2596 subsequentibus
1263 2497 1460 2598 apparebit.

690 2617 790 2692 Obiit
809 2616 987 2691 Robertus
1006 2616 1150 2692 Grostet
1167 2618 1353 2717 episcopus
1373 2616 1571 2692 Lincolnie.

639 2860 805 2943 discente,
823 2857 883 2930 sed
901 2857 1024 2957 postea
1047 2870 1239 2943 annuente,
1262 2859 1427 2933 Scociam
1450 2860 1658 2959 ingreditur,
1682 2871 1719 2934 et
1744 2861 1780 2934 in
1803 2861 2009 2959 episcopatu
2026 2863 2089 2936 suo

637 2978 829 3054 honorifice
847 2979 1039 3077 suscipitur,
1058 2979 1119 3079 qui
1140 2979 1268 3053 codem
1294 3005 1388 3054 anno
1406 3004 1450 3054 ex
1475 2979 1544 3055 hac
1566 2980 1647 3054 luce
1670 2980 1825 3081 eripitur.
1879 2979 1963 3054 Post
1980 3006 2089 3081 quem

637 3099 803 3200 magister
819 3099 1029 3174 Gamelinus
1045 3100 1140 3201 regis
1158 3100 1424 3175 cancellariusa
1441 3101 1556 3200 priore
1567 3112 1604 3175 et
1621 3112 1798 3176 conventu
1815 3101 1928 3175 santii
1943 3100 2089 3176 Andree

638 3221 791 3321 eligitur,
810 3233 846 3293 et
864 3246 886 3293 a
903 3245 988 3320 rege
1006 3232 1042 3294 et
1060 3219 1262 3295 consiliariis
1280 3221 1357 3320 ejus
1373 3221 1410 3294 in
1429 3222 1635 3321 episcopatu
1652 3221 1890 3296 confirmatur.

690 3341 768 3415 Rex
787 3340 937 3414 Francia
955 3367 976 3414 a
997 3339 1207 3415 lerosolimis
1224 3341 1440 3442 repatriavit.
2218 3437 2223 3445 ἢ

688 3461 737 3536 Et
756 3460 951 3535 Edwardus
974 3463 1068 3562 regis
1094 3462 1227 3562 Anglie
1250 3462 1507 3563 primogenitus
1532 3462 1641 3536 filiam
1662 3462 1756 3562 regis
1785 3461 1941 3538 Castelle
1967 3462 2028 3539 fibi
2054 3466 2089 3538 in

638 3583 899 3657 matrimonium
918 3581 1095 3666 affumsrt‚⁸
1112 3595 1148 3656 et
1166 3581 1211 3656 ab
1230 3608 1274 3657 eo
1291 3583 1393 3657 miles
1409 3583 1529 3657 fanus
1546 3582 1608 3656 est.

690 3703 791 3778 Obiit
811 3702 1038 3776 Innocentius
1056 3728 1163 3802 papa,
1181 3701 1338 3778 succedit
1357 3702 1587 3778 Alexander}

689 3824 795 3897 Anno
821 3822 966 3897 Domini
987 3823 1132 3897 mcciv.
1157 3836 1397 3898 convenerunt
1420 3822 1516 3924 apud
1541 3822 1734 3898 Edenburc
1758 3824 1805 3899 ad
1831 3825 2014 3902 dominum
2037 3851 2089 3899 re·

639 3969 723 4043 gem
741 3969 863 4017 omnes
881 3955 967 4016 natu
985 3943 1138 4042 majores
1160 3943 1280 4018 Scotie
1298 3969 1342 4018 ex
1360 3969 1431 4018 uno
1448 3955 1561 4044 parte,
1578 3944 1693 4047 sedet
1712 3944 1851 4020 Alanus
1866 3945 2036 4020 Ostiarius
2054 3958 2090 4018 et
2121 3929 2166 3985 s⁰¹·
2181 3935 2225 3986 ⁵⁶·
2239 3933 2266 3985 b·

639 4066 796 4138 fautores
814 4064 891 4161 ejus
909 4089 952 4137 ex
971 4063 1082 4136 altera
1095 4080 1208 4162 parte,
1219 4065 1280 4165 qui
1298 4065 1521 4163 multiplicati
1539 4076 1640 4139 eraut
1657 4064 1761 4140 valde
1778 4064 1877 4165 quafi
1893 4065 1940 4139 ad
1956 4064 2088 4140 haben-

639 4185 721 4259 dam
738 4184 953 4257 locutionem
972 4185 1017 4257 de
1035 4185 1134 4283 pacis
1146 4186 1408 4270 reformatione,
1426 4211 1464 4260 re
1475 4198 1596 4261 autem
1613 4210 1697 4261 vera
1714 4186 1759 4260 dc
1777 4185 1908 4260 domini
1926 4186 1977 4259 sui
1994 4189 2089 4286 regis

639 4301 815 4403 captione.
869 4303 965 4376 Nam
985 4329 1065 4377 cum
1082 4304 1215 4378 ibidem
1238 4304 1432 4380 statuiffent
1455 4320 1494 4380 ut
1518 4306 1614 4406 apud
1635 4305 1823 4381 Striuelinc
1840 4305 1932 4380 infra
1954 4330 2089 4405 paucos

639 4425 715 4499 dies
732 4422 903 4497 deberent
915 4425 1041 4498 itemm
1053 4426 1253 4511 convenire,
1272 4437 1308 4500 et
1325 4426 1457 4502 ibidem
1474 4427 1597 4526 procul
1611 4426 1719 4502 dubio
1738 4451 1864 4527 pacem
1884 4427 2088 4513 reformare,

639 4544 857 4644 abiffentque
876 4543 1059 4618 confiliarii
1076 4546 1169 4645 regis
1187 4571 1267 4620 cum
1286 4548 1412 4622 ceteris
1429 4547 1668 4646 magnatibus
1687 4560 1726 4622 ut
1744 4573 1788 4622 ea
1810 4573 1881 4647 que
1898 4547 2090 4623 neceffaria

639 4669 755 4742 forent
773 4665 819 4740 ad
837 4666 1098 4752 tantumdem,
1117 4680 1371 4767 praepararent;
1397 4668 1512 4743 subito
1526 4694 1645 4744 comes
1660 4667 1835 4743 Patricius
1848 4682 1885 4743 et
1902 4671 2011 4744 ceteri
2029 4669 2089 4768 qui

672 4865 692 4888 '¹
707 4865 750 4918 M.
766 4866 850 4926 Poris,
865 4882 891 4934 p.
905 4868 971 4925 5815
992 4865 1064 4918 Fac.
1078 4865 1095 4918 i.
1110 4868 1171 4927 29⁵,
1186 4868 1247 4920 296.
1322 4864 1396 4922 'see
1409 4867 1525 4929 Fodera,
1539 4867 1557 4919 i.
1571 4869 1638 4926 eota
1657 4863 1701 4918 Μ.
1717 4866 1801 4928 Poris,
1816 4883 1843 4935 p.
1856 4868 1918 4923 ⁵97.
1992 4865 2091 4936 ‘Popc

640 4950 768 5003 Innocent
783 4949 828 5003 IV.
843 4948 903 5004 died
916 4965 987 5020 upon
999 4947 1046 5004 the
1059 4949 1106 5007 7th
1121 4949 1267 5006 December
1282 4952 1358 5014 1254,
1373 4949 1426 5006 and
1438 4967 1491 5004 was
1504 4947 1651 5005 sucoeeded
1661 4950 1697 5019 by
1712 4946 1861 5004 Alexander
1875 4948 1922 5003 IV.
