4716 6428
423 742 490 820 174
762 733 1081 811 ΟΗΒΟΝΙΟΑ
1113 732 1190 809 DE
1227 732 1518 811 MAlLROS.
1640 734 1742 810 ΑΒ.
1773 741 1885 811 1245.

427 976 497 1025 non
516 975 560 1025 ex
578 950 738 1025 civilibus
755 949 816 1025 sed
837 974 881 1023 ex
899 947 1138 1024 criminalibus
1155 948 1196 1025 sit
1216 948 1424 1050 processum,
1443 948 1490 1024 ad
1513 974 1585 1049 que
1607 948 1736 1027 frustra
1758 976 1887 1052 procu·

427 1085 521 1147 rator
547 1071 746 1157 intervenit,
768 1071 971 1145 nullatenus
997 1082 1201 1159 enervatur;
1232 1096 1314 1147 cum
1337 1069 1444 1170 ipsius
1467 1070 1646 1146 citationis
1669 1084 1784 1158 tenor,
1811 1097 1886 1175 que

427 1219 492 1268 nos
510 1207 571 1267 aut
595 1204 841 1292 procuratores
860 1192 997 1266 nostros
1013 1192 1146 1293 exegit,
1168 1191 1356 1267 manifeste
1378 1190 1594 1266 contrarium
1611 1190 1760 1269 dedisset
1779 1193 1886 1269 intol-

426 1315 501 1416 ligi,
519 1313 685 1389 videlicet
702 1312 799 1413 quod
821 1337 893 1386 non
912 1326 1036 1387 contra
1060 1306 1126 1389 nos
1143 1312 1369 1389 criminaliter
1391 1313 1452 1388 fed
1469 1322 1609 1387 tantum
1632 1313 1780 1389 civiliter
1796 1312 1884 1390 effet

427 1435 625 1536 agendum;
648 1434 827 1535 prodistis
845 1434 954 1509 etiam
967 1433 1131 1509 omnibus
1148 1433 1282 1535 absque
1295 1432 1430 1534 justitie
1452 1433 1570 1509 nostre
1592 1434 1800 1534 praejudicio
1817 1435 1885 1510 cir·

426 1555 655 1656 cumscriptis.
709 1554 808 1629 Dato
825 1554 923 1654 quod
939 1554 1126 1630 manifeste
1148 1554 1320 1630 fuerimus
1337 1567 1579 1640 contumaces,
1597 1578 1670 1628 non
1688 1554 1740 1629 est
1756 1554 1818 1631 illa
1833 1556 1886 1631 le·

426 1678 552 1778 gitima
579 1676 802 1752 contumacia
831 1670 954 1776 pena;¹
970 1676 1141 1774 quoniam
1163 1675 1304 1752 delatus
1330 1686 1393 1750 aut
1416 1677 1602 1750 accusatus
1627 1686 1665 1751 et
1690 1687 1885 1751 contumax

420 1819 489 1897 ‘per
507 1797 727 1872 diffinitivam
744 1796 965 1882 sententiam,
987 1807 1070 1870 ante
1088 1808 1242 1896 caeptum
1259 1795 1325 1871 rite
1344 1795 1519 1896 judicium
1536 1795 1676 1896 privato
1693 1796 1749 1872 vel
1769 1795 1885 1897 publi·

426 1944 470 1994 co
483 1918 619 2017 judicio
636 1917 734 1992 nullo
752 1916 798 1992 de
816 1918 878 1991 sua
895 1918 1002 1992 causa
1019 1916 1167 1992 discuffa
1189 1916 1321 1992 debeat
1338 1915 1579 1993 condemnari.
1626 1916 1719 1991 Sunt
1734 1917 1830 1992 enim
1846 1917 1884 1991 iu

425 2039 555 2114 talibus
580 2038 648 2112 alie
677 2038 940 2112 contumacium
964 2062 1056 2137 pene
1083 2037 1243 2112 civilibus
1262 2037 1404 2139 legibus
1426 2037 1483 2112 vel
1495 2037 1682 2113 canonicis
1705 2036 1883 2112 introduc·

426 2173 473 2234 te.
532 2156 701 2259 Denique
727 2158 838 2258 posrto
865 2158 963 2258 quod
986 2158 1106 2233 omnia
1128 2157 1302 2258 praedicta
1324 2158 1414 2259 juris
1441 2157 1601 2258 praefidia
1626 2158 1885 2259 irrefragabilia

426 2282 530 2355 cause
553 2280 669 2354 nostre
693 2279 872 2365 deficiant,
899 2277 1005 2379 ipsius
1021 2289 1161 2353 tantum
1179 2274 1481 2377 pronunciationis
1498 2290 1600 2354 tenor
1617 2279 1729 2379 ipsam
1746 2280 1884 2354 senteu-

425 2403 512 2475 tiam
535 2399 669 2474 nullam
689 2400 853 2484 ostendit,
876 2424 940 2498 per
963 2423 1073 2497 quam
1095 2421 1167 2472 non
1190 2409 1397 2499 procurator
1416 2398 1534 2474 noster
1556 2400 1709 2499 praesens
1734 2399 1797 2474 sed
1818 2423 1884 2475 nos

425 2520 589 2596 absentes
612 2520 791 2595 extitimus
815 2518 1060 2605 condemnati;
1084 2543 1193 2618 quam
1210 2520 1285 2619 ipso
1303 2519 1384 2620 jure
1409 2519 1545 2595 nullam
1568 2518 1639 2595 esse
1662 2521 1885 2607 sententiam,

425 2643 526 2742 leges
549 2654 586 2715 et
597 2641 680 2739 jura
704 2639 874 2739 quaelibet
890 2639 1077 2714 manifeste
1095 2638 1291 2714 declarant.
1345 2639 1560 2716 Evidentem
1584 2665 1729 2741 quoque
1746 2642 1885 2742 proces·

425 2764 482 2836 sus
508 2773 545 2835 et
570 2761 795 2860 procedentis
821 2760 1045 2860 iniquitatem
1075 2761 1179 2835 cause
1209 2760 1381 2835 denotant
1411 2761 1560 2861 quasin
1590 2763 1765 2837 sententia
1789 2785 1885 2837 com·

425 2882 623 2982 prehendit,
652 2908 674 2956 a
703 2880 833 2981 quibus
862 2906 928 2955 nos
956 2880 1230 2980 incormptibilis
1260 2882 1390 2956 veritas
1419 2891 1456 2956 et
1486 2881 1630 2981 publica
1662 2882 1884 2959 munimenta

424 3003 632 3088 defendunt,
657 3013 762 3101 prout
778 3002 934 3075 seriatim
950 3000 1028 3076 haec
1051 3001 1122 3076 fida
1139 3001 1264 3077 relatio
1281 3003 1402 3077 latoris
1425 3004 1648 3104 praesentium
1666 3014 1704 3078 et
1729 3004 1883 3104 ipsomm

425 3124 725 3198 munimentorum
749 3135 851 3199 tenor
874 3122 1060 3230 manifeste
1090 3123 1317 3222 profitentur3
1345 3149 1553 3225 quanquam
1583 3136 1657 3199 tam
1686 3123 1761 3200 dire
1791 3148 1884 3225 pene

424 3245 648 3337 sententiam,
668 3241 694 3318 fi
711 3254 832 3318 tamen
850 3243 1025 3319 sententia
1039 3243 1108 3318 dici
1125 3244 1242 3345 potest
1259 3269 1330 3345 que
1349 3257 1473 3320 contra
1489 3269 1556 3320 nos
1572 3245 1795 3345 praecipitata
1808 3246 1884 3346 dig·

424 3366 589 3450 noscitur,
607 3377 731 3439 contra
750 3362 952 3439 Romanum
975 3365 1172 3465 principem
1195 3367 1316 3440 omnia
1332 3365 1508 3467 praedidla
1530 3378 1567 3440 et
1584 3365 1723 3469 lingula
1739 3368 1884 3443 minime

426 3484 644 3561 suffecissent.
691 3484 922 3560 Manifestum
939 3510 1096 3586 namque
1114 3487 1348 3587 praecipitium
1366 3512 1410 3562 ex
1427 3489 1662 3587 praesuscepto
1671 3488 1884 3588 jamdudum

427 3608 534 3682 animi
545 3609 683 3682 fervore
694 3604 795 3680 fuisse
806 3605 998 3681 dinoscitur
1008 3606 1044 3681 in
1057 3607 1249 3707 predictis.
1282 3607 1483 3682 Dominum
1501 3608 1596 3682 enim
1605 3606 1884 3710 Frisigonensem

426 3729 642 3828 episcopum,
666 3727 837 3801 dilectum
860 3727 1056 3827 principem
1080 3728 1226 3803 fratrem
1250 3726 1299 3802 H.
1317 3728 1524 3830 magistrum
1548 3727 1677 3805 domus
1703 3728 1883 3830 hospitalis

425 3848 546 3924 sanae
566 3848 683 3922 Marie
703 3846 1020 3933 Teuthonicorum,
1046 3859 1082 3922 et
1099 3849 1307 3947 magistrum
1327 3849 1398 3924 A!
1416 3848 1461 3923 de
1476 3848 1607 3935 Vinea,
1631 3873 1763 3950 magne
1786 3851 1883 3924 curie

426 3967 542 4041 nostra
560 3968 732 4067 judicem,
758 3967 910 4042 dilectos
936 3979 972 4042 et
994 3966 1118 4043 fideles
1143 3969 1291 4054 nostros,
1315 3994 1406 4069 quos
1429 3969 1554 4044 ultimo
1584 3994 1648 4071 pro
1678 3969 1882 4044 omnimoda

427 4089 729 4162 consummatione
757 4088 911 4163 tractate
942 4088 1041 4188 pacis
1064 4088 1112 4162 ad
1135 4089 1325 4164 concilium
1348 4070 1565 4176 miseramus,
1590 4091 1711 4166 saltem
1733 4114 1796 4189 per
1822 4090 1881 4163 tri·

428 4209 537 4281 dnum
555 4210 710 4283 summus
728 4209 887 4309 pontifex
904 4208 1019 4281 noluit
1041 4208 1244 4308 praestolari.
1298 4208 1396 4285 Nam
1414 4190 1607 4310 expectato
1629 4210 1737 4286 etiam
1752 4210 1881 4310 magis·

428 4342 482 4402 tro
503 4327 665 4403 Waltero
683 4329 728 4403 de
748 4326 845 4404 Ocra
863 4328 1049 4429 capellano
1067 4329 1198 4403 vicario
1215 4329 1345 4415 nostro,
1364 4330 1434 4405 cui¹
1452 4332 1498 4406 de
1516 4330 1740 4406 conniventia
1758 4331 1881 4405 summi

428 4450 603 4550 pontificis
620 4461 657 4523 et
675 4448 897 4550 quorundam
913 4449 959 4523 de
976 4448 1143 4525 fratribus
1161 4450 1208 4524 ad
1220 4475 1286 4525 nos
1302 4451 1421 4526 missus
1433 4477 1496 4552 per
1513 4477 1570 4526 xx.
1590 4452 1667 4528 dies
1684 4451 1808 4527 debuit
1824 4476 1882 4527 ex·

428 4571 578 4670 pedari,
596 4594 664 4645 nec
681 4570 748 4644 suit
767 4569 986 4645 solummodo
1011 4594 1075 4670 per
1093 4569 1241 4645 biduum
1259 4597 1331 4672 quo
1349 4583 1509 4673 tempore
1526 4574 1687 4673 praedicti
1706 4572 1884 4674 processus

428 4693 539 4792 iniqui
560 4690 780 4792 Lugdunum
798 4689 951 4765 distabat
972 4691 1019 4765 ad
1040 4691 1188 4767 multam
1205 4692 1377 4767 nobilium
1396 4705 1432 4768 et
1453 4694 1716 4795 quamplurium
1734 4694 1882 4769 aliorum

424 4810 626 4911 justiciamll
652 4812 876 4913 praelatorum
902 4812 1124 4913 expatiatus.
1178 4812 1340 4914 Apparet
1357 4815 1585 4889 nihilominus
1602 4815 1761 4890 animosa
1778 4815 1881 4889 nimis

476 4973 487 4996 ·
509 4967 582 5029 “lb’'
595 4968 642 5021 but
654 4967 804 5038 expuncted
814 4965 855 5022 sor
869 4966 939 5022 “P''
951 4968 1016 5038 bya
1026 4965 1093 5021 later
1104 4965 1185 5022 haud.
1297 4968 1305 5003 ¹
1328 4978 1346 5000 “
1359 4968 1427 5032 Qui’·
1440 4968 1489 5024 bas
1501 4968 1703 5040 beencorrectly
1714 4968 1881 5031 substituted.

427 5054 461 5120 by
473 5069 490 5104 a
502 5051 573 5106 hand
584 5050 616 5105 os
623 5051 669 5105 the
685 5051 747 5106 roth
760 5062 876 5122 century.
986 5049 1006 5085 ¹¹
1023 5051 1197 5107 Instanciam?
