<?xml version="1.0" encoding="UTF-8"?>
<!DOCTYPE html PUBLIC "-//W3C//DTD XHTML 1.0 Transitional//EN"
    "http://www.w3.org/TR/xhtml1/DTD/xhtml1-transitional.dtd">
<html xmlns="http://www.w3.org/1999/xhtml" xml:lang="en" lang="en">
 <head>
  <title>
</title>
<meta http-equiv="Content-Type" content="text/html;charset=utf-8" />
  <meta name='ocr-system' content='tesseract 3.04.00' />
  <meta name='ocr-capabilities' content='ocr_page ocr_carea ocr_par ocr_line ocrx_word'/>
</head>
<body>
  <div class='ocr_page' id='page_1' title='image "./chronicademailr00stevgoog_0054.png"; bbox 0 0 4710 6434; ppageno 0'>
   <div class='ocr_carea' id='block_1_1' title="bbox 477 737 1930 829">
    <p class='ocr_par' dir='ltr' id='par_1_1' title="bbox 477 737 1930 829">
     <span class='ocr_line' id='line_1_1' title="bbox 477 737 1930 829; baseline 0.001 -14"><span class='ocrx_word' id='word_1_1' title='bbox 477 740 574 815; x_wconf 88' lang='grc' dir='ltr'>Α.Ι).</span> <span class='ocrx_word' id='word_1_2' title='bbox 595 737 680 823; x_wconf 85' lang='grc'><strong>867.</strong></span> <span class='ocrx_word' id='word_1_3' title='bbox 828 737 1149 815; x_wconf 86' lang='lat' dir='ltr'><strong>CHRONICA</strong></span> <span class='ocrx_word' id='word_1_4' title='bbox 1182 738 1259 814; x_wconf 87' lang='lat' dir='ltr'>DE</span> <span class='ocrx_word' id='word_1_5' title='bbox 1293 739 1580 816; x_wconf 90' lang='lat' dir='ltr'><strong>MAILROS.</strong></span> <span class='ocrx_word' id='word_1_6' title='bbox 1887 754 1930 829; x_wconf 81' lang='grc'>19</span> 
     </span>
    </p>
   </div>
   <div class='ocr_carea' id='block_1_2' title="bbox 308 945 1930 3211">
    <p class='ocr_par' dir='ltr' id='par_1_2' title="bbox 470 945 1930 1530">
     <span class='ocr_line' id='line_1_2' title="bbox 525 945 1928 1049; baseline 0.001 -27"><span class='ocrx_word' id='word_1_7' title='bbox 525 951 632 1023; x_wconf 84' lang='lat' dir='ltr'><strong>Anno</strong></span> <span class='ocrx_word' id='word_1_8' title='bbox 651 947 850 1048; x_wconf 73' lang='lat' dir='ltr'>necelxvij.</span> <span class='ocrx_word' id='word_1_9' title='bbox 873 945 1021 1023; x_wconf 83' lang='lat' dir='ltr'>Oibrich</span> <span class='ocrx_word' id='word_1_10' title='bbox 1034 961 1071 1023; x_wconf 89' lang='lat' dir='ltr'>et</span> <span class='ocrx_word' id='word_1_11' title='bbox 1080 946 1180 1021; x_wconf 82' lang='lat' dir='ltr'>AElla</span> <span class='ocrx_word' id='word_1_12' title='bbox 1197 960 1340 1046; x_wconf 89' lang='lat' dir='ltr'>propter</span> <span class='ocrx_word' id='word_1_13' title='bbox 1358 974 1584 1023; x_wconf 88' lang='lat' dir='ltr'>communem</span> <span class='ocrx_word' id='word_1_14' title='bbox 1601 949 1790 1024; x_wconf 81' lang='lat' dir='ltr'>utilitatem</span> <span class='ocrx_word' id='word_1_15' title='bbox 1810 953 1928 1049; x_wconf 85' lang='lat' dir='ltr'>pacifi-</span> 
     </span>
     <span class='ocr_line' id='line_1_3' title="bbox 473 1068 1930 1169; baseline 0.001 -26"><span class='ocrx_word' id='word_1_16' title='bbox 473 1070 571 1153; x_wconf 84' lang='lat' dir='ltr'>cati,¹</span> <span class='ocrx_word' id='word_1_17' title='bbox 589 1068 794 1143; x_wconf 86' lang='lat' dir='ltr'><strong>Eboracum</strong></span> <span class='ocrx_word' id='word_1_18' title='bbox 812 1069 957 1153; x_wconf 84' lang='lat' dir='ltr'>adeunt,</span> <span class='ocrx_word' id='word_1_19' title='bbox 975 1069 1163 1168; x_wconf 63' lang='lat' dir='ltr'>frafitoque</span> <span class='ocrx_word' id='word_1_20' title='bbox 1180 1094 1282 1142; x_wconf 87' lang='lat' dir='ltr'>muro</span> <span class='ocrx_word' id='word_1_21' title='bbox 1301 1070 1473 1143; x_wconf 85' lang='lat' dir='ltr'>irruentes</span> <span class='ocrx_word' id='word_1_22' title='bbox 1496 1071 1531 1143; x_wconf 90' lang='lat' dir='ltr'>in</span> <span class='ocrx_word' id='word_1_23' title='bbox 1550 1095 1712 1169; x_wconf 84' lang='lat' dir='ltr'>paganos</span> <span class='ocrx_word' id='word_1_24' title='bbox 1730 1071 1834 1145; x_wconf 83' lang='lat' dir='ltr'>occisi</span> <span class='ocrx_word' id='word_1_25' title='bbox 1852 1073 1930 1145; x_wconf 89' lang='lat' dir='ltr'>sunt</span> 
     </span>
     <span class='ocr_line' id='line_1_4' title="bbox 473 1188 1929 1290; baseline 0.002 -28"><span class='ocrx_word' id='word_1_26' title='bbox 473 1189 579 1262; x_wconf 85' lang='lat' dir='ltr'>ambo</span> <span class='ocrx_word' id='word_1_27' title='bbox 598 1214 714 1289; x_wconf 85' lang='lat' dir='ltr'>reges,</span> <span class='ocrx_word' id='word_1_28' title='bbox 733 1200 769 1262; x_wconf 88' lang='lat' dir='ltr'>et</span> <span class='ocrx_word' id='word_1_29' title='bbox 786 1189 973 1263; x_wconf 86' lang='lat' dir='ltr'>innumera</span> <span class='ocrx_word' id='word_1_30' title='bbox 998 1190 1139 1262; x_wconf 80' lang='lat' dir='ltr'>suorum</span> <span class='ocrx_word' id='word_1_31' title='bbox 1157 1189 1347 1263; x_wconf 87' lang='lat' dir='ltr'>multitudo</span> <span class='ocrx_word' id='word_1_32' title='bbox 1366 1215 1448 1262; x_wconf 87' lang='lat' dir='ltr'>cum</span> <span class='ocrx_word' id='word_1_33' title='bbox 1474 1190 1538 1274; x_wconf 87' lang='lat' dir='ltr'>eis,</span> <span class='ocrx_word' id='word_1_34' title='bbox 1557 1188 1682 1264; x_wconf 88' lang='lat' dir='ltr'>refidui</span> <span class='ocrx_word' id='word_1_35' title='bbox 1700 1217 1784 1265; x_wconf 86' lang='lat' dir='ltr'>vero</span> <span class='ocrx_word' id='word_1_36' title='bbox 1802 1217 1929 1290; x_wconf 86' lang='lat' dir='ltr'>pacem</span> 
     </span>
     <span class='ocr_line' id='line_1_5' title="bbox 470 1308 1929 1393; baseline 0.001 -10"><span class='ocrx_word' id='word_1_37' title='bbox 470 1312 633 1384; x_wconf 84' lang='lat' dir='ltr'>fecerunt</span> <span class='ocrx_word' id='word_1_38' title='bbox 651 1335 732 1382; x_wconf 89' lang='lat' dir='ltr'>cum</span> <span class='ocrx_word' id='word_1_39' title='bbox 751 1309 813 1383; x_wconf 88' lang='lat' dir='ltr'>eis.</span> <span class='ocrx_word' id='word_1_40' title='bbox 868 1308 923 1382; x_wconf 90' lang='lat' dir='ltr'>Illi</span> <span class='ocrx_word' id='word_1_41' title='bbox 942 1322 1075 1393; x_wconf 82' lang='lat' dir='ltr'>autem,</span> <span class='ocrx_word' id='word_1_42' title='bbox 1104 1309 1235 1383; x_wconf 85' lang='lat' dir='ltr'>scilicet</span> <span class='ocrx_word' id='word_1_43' title='bbox 1255 1308 1364 1393; x_wconf 85' lang='lat' dir='ltr'>Dani,</span> <span class='ocrx_word' id='word_1_44' title='bbox 1393 1309 1455 1383; x_wconf 89' lang='lat' dir='ltr'>sub</span> <span class='ocrx_word' id='word_1_45' title='bbox 1482 1335 1554 1384; x_wconf 92' lang='lat' dir='ltr'>uno</span> <span class='ocrx_word' id='word_1_46' title='bbox 1582 1310 1739 1385; x_wconf 88' lang='lat' dir='ltr'>dominio</span> <span class='ocrx_word' id='word_1_47' title='bbox 1767 1312 1929 1386; x_wconf 85' lang='lat' dir='ltr'>fecerunt</span> 
     </span>
     <span class='ocr_line' id='line_1_6' title="bbox 470 1427 1216 1530; baseline -0.001 -26"><span class='ocrx_word' id='word_1_48' title='bbox 470 1429 672 1530; x_wconf 85' lang='lat' dir='ltr'>Egbertum</span> <span class='ocrx_word' id='word_1_49' title='bbox 691 1455 812 1530; x_wconf 81' lang='lat' dir='ltr'>regem</span> <span class='ocrx_word' id='word_1_50' title='bbox 830 1432 932 1529; x_wconf 84' lang='lat' dir='ltr'>super</span> <span class='ocrx_word' id='word_1_51' title='bbox 951 1429 989 1503; x_wconf 94' lang='lat' dir='ltr'>N</span> <span class='ocrx_word' id='word_1_52' title='bbox 992 1427 1216 1504; x_wconf 85' lang='lat' dir='ltr'>orhumbros.</span> 
     </span>
    </p>

    <p class='ocr_par' dir='ltr' id='par_1_3' title="bbox 522 1549 1603 1649">
     <span class='ocr_line' id='line_1_7' title="bbox 522 1549 1603 1649; baseline -0.001 -25"><span class='ocrx_word' id='word_1_53' title='bbox 522 1550 662 1624; x_wconf 88' lang='lat' dir='ltr'>Eodem</span> <span class='ocrx_word' id='word_1_54' title='bbox 681 1576 787 1635; x_wconf 88' lang='lat' dir='ltr'>ann0,</span> <span class='ocrx_word' id='word_1_55' title='bbox 808 1549 978 1623; x_wconf 86' lang='lat' dir='ltr'>Alchstan</span> <span class='ocrx_word' id='word_1_56' title='bbox 997 1551 1182 1649; x_wconf 84' lang='lat' dir='ltr'>episcopus</span> <span class='ocrx_word' id='word_1_57' title='bbox 1204 1549 1485 1625; x_wconf 75' lang='lat' dir='ltr'>scireburnenfis</span> <span class='ocrx_word' id='word_1_58' title='bbox 1504 1550 1603 1623; x_wconf 83' lang='lat' dir='ltr'>obiit.</span> 
     </span>
    </p>

    <p class='ocr_par' dir='ltr' id='par_1_4' title="bbox 522 1669 1198 1768">
     <span class='ocr_line' id='line_1_8' title="bbox 522 1669 1198 1768; baseline 0 -25"><span class='ocrx_word' id='word_1_59' title='bbox 522 1670 630 1743; x_wconf 88' lang='lat' dir='ltr'><strong>Anno</strong></span> <span class='ocrx_word' id='word_1_60' title='bbox 649 1670 860 1768; x_wconf 74' lang='lat' dir='ltr'>nccelxviij.</span> <span class='ocrx_word' id='word_1_61' title='bbox 881 1671 1029 1744; x_wconf 86' lang='lat' dir='ltr'>cometis</span> <span class='ocrx_word' id='word_1_62' title='bbox 1046 1671 1118 1744; x_wconf 87' lang='lat' dir='ltr'>visa</span> <span class='ocrx_word' id='word_1_63' title='bbox 1136 1669 1198 1744; x_wconf 88' lang='lat' dir='ltr'>est.</span> 
     </span>
    </p>

    <p class='ocr_par' dir='ltr' id='par_1_5' title="bbox 468 1787 1928 2130">
     <span class='ocr_line' id='line_1_9' title="bbox 522 1787 1928 1891; baseline 0.001 -28"><span class='ocrx_word' id='word_1_64' title='bbox 522 1790 653 1864; x_wconf 86' lang='lat' dir='ltr'>lwarus</span> <span class='ocrx_word' id='word_1_65' title='bbox 671 1803 708 1863; x_wconf 91' lang='lat' dir='ltr'>et</span> <span class='ocrx_word' id='word_1_66' title='bbox 727 1787 862 1863; x_wconf 83' lang='lat' dir='ltr'>Hubba</span> <span class='ocrx_word' id='word_1_67' title='bbox 884 1789 928 1864; x_wconf 87' lang='lat' dir='ltr'>de</span> <span class='ocrx_word' id='word_1_68' title='bbox 948 1789 1192 1863; x_wconf 87' lang='lat' dir='ltr'>Norhumbria</span> <span class='ocrx_word' id='word_1_69' title='bbox 1209 1791 1356 1864; x_wconf 87' lang='lat' dir='ltr'>veniunt</span> <span class='ocrx_word' id='word_1_70' title='bbox 1377 1788 1668 1889; x_wconf 70' lang='lat' dir='ltr'>snotingaham,³</span> <span class='ocrx_word' id='word_1_71' title='bbox 1685 1792 1814 1891; x_wconf 90' lang='lat' dir='ltr'>quibus</span> <span class='ocrx_word' id='word_1_72' title='bbox 1832 1792 1928 1867; x_wconf 86' lang='lat' dir='ltr'>resti·</span> 
     </span>
     <span class='ocr_line' id='line_1_10' title="bbox 468 1909 1927 2010; baseline 0.001 -26"><span class='ocrx_word' id='word_1_73' title='bbox 468 1913 511 1985; x_wconf 91' lang='lat' dir='ltr'>tit</span> <span class='ocrx_word' id='word_1_74' title='bbox 528 1935 589 1985; x_wconf 86' lang='lat' dir='ltr'>rex</span> <span class='ocrx_word' id='word_1_75' title='bbox 609 1910 827 1984; x_wconf 85' lang='lat' dir='ltr'>Merciorum</span> <span class='ocrx_word' id='word_1_76' title='bbox 853 1909 1092 1994; x_wconf 87' lang='lat' dir='ltr'>Burchredus,</span> <span class='ocrx_word' id='word_1_77' title='bbox 1116 1909 1277 1984; x_wconf 82' lang='lat' dir='ltr'>suffultus</span> <span class='ocrx_word' id='word_1_78' title='bbox 1299 1910 1430 1983; x_wconf 86' lang='lat' dir='ltr'>auxilio</span> <span class='ocrx_word' id='word_1_79' title='bbox 1453 1911 1546 2010; x_wconf 85' lang='lat' dir='ltr'>regis</span> <span class='ocrx_word' id='word_1_80' title='bbox 1566 1909 1738 1985; x_wconf 70' lang='lat' dir='ltr'>Etielredi</span> <span class='ocrx_word' id='word_1_81' title='bbox 1761 1924 1798 1986; x_wconf 89' lang='lat' dir='ltr'>et</span> <span class='ocrx_word' id='word_1_82' title='bbox 1817 1913 1927 1986; x_wconf 85' lang='lat' dir='ltr'>Alue-</span> 
     </span>
     <span class='ocr_line' id='line_1_11' title="bbox 468 2031 785 2130; baseline 0 -26"><span class='ocrx_word' id='word_1_83' title='bbox 468 2031 542 2106; x_wconf 88' lang='lat' dir='ltr'>redi</span> <span class='ocrx_word' id='word_1_84' title='bbox 561 2032 678 2105; x_wconf 86' lang='lat' dir='ltr'>fratris</span> <span class='ocrx_word' id='word_1_85' title='bbox 696 2031 785 2130; x_wconf 86' lang='lat' dir='ltr'>ejus.</span> 
     </span>
    </p>

    <p class='ocr_par' dir='ltr' id='par_1_6' title="bbox 465 2149 1927 2371">
     <span class='ocr_line' id='line_1_12' title="bbox 521 2149 1927 2252; baseline 0 -26"><span class='ocrx_word' id='word_1_86' title='bbox 521 2151 721 2226; x_wconf 86' lang='lat' dir='ltr'>Alueredus</span> <span class='ocrx_word' id='word_1_87' title='bbox 740 2152 878 2249; x_wconf 79' lang='lat' dir='ltr'>accepit</span> <span class='ocrx_word' id='word_1_88' title='bbox 903 2176 1049 2224; x_wconf 86' lang='lat' dir='ltr'>uxorem</span> <span class='ocrx_word' id='word_1_89' title='bbox 1072 2150 1180 2223; x_wconf 86' lang='lat' dir='ltr'>filiam</span> <span class='ocrx_word' id='word_1_90' title='bbox 1203 2149 1397 2223; x_wconf 74' lang='lat' dir='ltr'>Ettelredib</span> <span class='ocrx_word' id='word_1_91' title='bbox 1415 2150 1553 2223; x_wconf 86' lang='lat' dir='ltr'>comitis</span> <span class='ocrx_word' id='word_1_92' title='bbox 1577 2151 1776 2224; x_wconf 88' lang='lat' dir='ltr'>Gainorum</span> <span class='ocrx_word' id='word_1_93' title='bbox 1794 2177 1927 2252; x_wconf 85' lang='lat' dir='ltr'>cogno·</span> 
     </span>
     <span class='ocr_line' id='line_1_13' title="bbox 465 2270 1849 2371; baseline -0.003 -23"><span class='ocrx_word' id='word_1_94' title='bbox 465 2286 588 2348; x_wconf 88' lang='lat' dir='ltr'>mento</span> <span class='ocrx_word' id='word_1_95' title='bbox 607 2272 748 2371; x_wconf 84' lang='lat' dir='ltr'>Magni,</span> <span class='ocrx_word' id='word_1_96' title='bbox 767 2284 803 2344; x_wconf 89' lang='lat' dir='ltr'>et</span> <span class='ocrx_word' id='word_1_97' title='bbox 822 2270 1027 2370; x_wconf 81' lang='lat' dir='ltr'>Eadburgae</span> <span class='ocrx_word' id='word_1_98' title='bbox 1044 2297 1125 2370; x_wconf 88' lang='lat' dir='ltr'>quae</span> <span class='ocrx_word' id='word_1_99' title='bbox 1143 2283 1218 2344; x_wconf 87' lang='lat' dir='ltr'>erat</span> <span class='ocrx_word' id='word_1_100' title='bbox 1237 2271 1281 2343; x_wconf 87' lang='lat' dir='ltr'>de</span> <span class='ocrx_word' id='word_1_101' title='bbox 1300 2271 1410 2370; x_wconf 85' lang='lat' dir='ltr'>regali</span> <span class='ocrx_word' id='word_1_102' title='bbox 1429 2271 1600 2370; x_wconf 85' lang='lat' dir='ltr'>progenie</span> <span class='ocrx_word' id='word_1_103' title='bbox 1620 2270 1849 2345; x_wconf 87' lang='lat' dir='ltr'>Merciorum.</span> 
     </span>
    </p>

    <p class='ocr_par' dir='ltr' id='par_1_7' title="bbox 468 2389 1926 2611">
     <span class='ocr_line' id='line_1_14' title="bbox 519 2389 1926 2466; baseline -0.001 0"><span class='ocrx_word' id='word_1_104' title='bbox 519 2393 626 2466; x_wconf 85' lang='lat' dir='ltr'>Anno</span> <span class='ocrx_word' id='word_1_105' title='bbox 648 2392 834 2465; x_wconf 77' lang='lat' dir='ltr'>ncce&#39;lxix.</span> <span class='ocrx_word' id='word_1_106' title='bbox 857 2390 987 2464; x_wconf 84' lang='lat' dir='ltr'>Iwarus</span> <span class='ocrx_word' id='word_1_107' title='bbox 1005 2402 1040 2463; x_wconf 89' lang='lat' dir='ltr'>et</span> <span class='ocrx_word' id='word_1_108' title='bbox 1060 2389 1196 2464; x_wconf 86' lang='lat' dir='ltr'>Hubba</span> <span class='ocrx_word' id='word_1_109' title='bbox 1210 2389 1360 2464; x_wconf 82' lang='lat' dir='ltr'>redeunt</span> <span class='ocrx_word' id='word_1_110' title='bbox 1373 2392 1408 2463; x_wconf 90' lang='lat' dir='ltr'>in</span> <span class='ocrx_word' id='word_1_111' title='bbox 1424 2389 1706 2464; x_wconf 87' lang='lat' dir='ltr'>Northumbrian</span> <span class='ocrx_word' id='word_1_112' title='bbox 1725 2390 1926 2465; x_wconf 84' lang='lat' dir='ltr'>debachan-</span> 
     </span>
     <span class='ocr_line' id='line_1_15' title="bbox 468 2511 982 2611; baseline -0.004 -24"><span class='ocrx_word' id='word_1_113' title='bbox 468 2526 523 2587; x_wconf 89' lang='lat' dir='ltr'>tes</span> <span class='ocrx_word' id='word_1_114' title='bbox 540 2526 576 2587; x_wconf 87' lang='lat' dir='ltr'>et</span> <span class='ocrx_word' id='word_1_115' title='bbox 594 2512 783 2611; x_wconf 82' lang='lat' dir='ltr'>perdentes</span> <span class='ocrx_word' id='word_1_116' title='bbox 801 2511 982 2609; x_wconf 85' lang='lat' dir='ltr'>plurimos.</span> 
     </span>
    </p>

    <p class='ocr_par' dir='ltr' id='par_1_8' title="bbox 521 2629 1926 2708">
     <span class='ocr_line' id='line_1_16' title="bbox 521 2629 1926 2708; baseline -0.001 -2"><span class='ocrx_word' id='word_1_117' title='bbox 521 2633 628 2708; x_wconf 82' lang='lat' dir='ltr'>Anno</span> <span class='ocrx_word' id='word_1_118' title='bbox 648 2632 821 2705; x_wconf 70' lang='lat' dir='ltr'>nccelxx.</span> <span class='ocrx_word' id='word_1_119' title='bbox 845 2631 974 2704; x_wconf 83' lang='lat' dir='ltr'>lwarus</span> <span class='ocrx_word' id='word_1_120' title='bbox 995 2642 1031 2703; x_wconf 90' lang='lat' dir='ltr'>et</span> <span class='ocrx_word' id='word_1_121' title='bbox 1048 2629 1182 2703; x_wconf 82' lang='lat' dir='ltr'>Hubba</span> <span class='ocrx_word' id='word_1_122' title='bbox 1200 2657 1282 2703; x_wconf 81' lang='lat' dir='ltr'>eum</span> <span class='ocrx_word' id='word_1_123' title='bbox 1300 2632 1420 2703; x_wconf 84' lang='lat' dir='ltr'>multis</span> <span class='ocrx_word' id='word_1_124' title='bbox 1439 2631 1625 2703; x_wconf 79' lang='lat' dir='ltr'>Danorum</span> <span class='ocrx_word' id='word_1_125' title='bbox 1643 2631 1785 2705; x_wconf 88' lang='lat' dir='ltr'>milibus</span> <span class='ocrx_word' id='word_1_126' title='bbox 1801 2630 1926 2705; x_wconf 86' lang='lat' dir='ltr'>Estan-</span> 
     </span>
    </p>

    <p class='ocr_par' dir='ltr' id='par_1_9' title="bbox 308 2748 1925 2972">
     <span class='ocr_line' id='line_1_17' title="bbox 308 2748 1925 2854; baseline -0.002 -27"><span class='ocrx_word' id='word_1_127' title='bbox 308 2756 353 2809; x_wconf 75' lang='lat' dir='ltr'>fot.</span> <span class='ocrx_word' id='word_1_128' title='bbox 367 2760 392 2807; x_wconf 79' lang='lat'>⁵·</span> <span class='ocrx_word' id='word_1_129' title='bbox 470 2754 579 2854; x_wconf 86' lang='lat' dir='ltr'>gliam</span> <span class='ocrx_word' id='word_1_130' title='bbox 594 2752 752 2836; x_wconf 88' lang='lat' dir='ltr'>veniunt,</span> <span class='ocrx_word' id='word_1_131' title='bbox 770 2762 806 2824; x_wconf 86' lang='lat' dir='ltr'>et</span> <span class='ocrx_word' id='word_1_132' title='bbox 824 2751 985 2824; x_wconf 67' lang='lat' dir='ltr'>sanetum</span> <span class='ocrx_word' id='word_1_133' title='bbox 1002 2748 1256 2823; x_wconf 86' lang='lat' dir='ltr'>Eadmundum</span> <span class='ocrx_word' id='word_1_134' title='bbox 1270 2749 1438 2822; x_wconf 86' lang='lat' dir='ltr'>occidunt</span> <span class='ocrx_word' id='word_1_135' title='bbox 1456 2762 1492 2823; x_wconf 88' lang='lat' dir='ltr'>et</span> <span class='ocrx_word' id='word_1_136' title='bbox 1510 2775 1591 2822; x_wconf 88' lang='lat' dir='ltr'>cum</span> <span class='ocrx_word' id='word_1_137' title='bbox 1609 2749 1669 2823; x_wconf 91' lang='lat' dir='ltr'>illo</span> <span class='ocrx_word' id='word_1_138' title='bbox 1685 2749 1925 2825; x_wconf 87' lang='lat' dir='ltr'>Humbertum</span> 
     </span>
     <span class='ocr_line' id='line_1_18' title="bbox 469 2875 684 2972; baseline -0.014 -25"><span class='ocrx_word' id='word_1_139' title='bbox 469 2875 684 2972; x_wconf 86' lang='lat' dir='ltr'>episcopum.</span> 
     </span>
    </p>

    <p class='ocr_par' dir='ltr' id='par_1_10' title="bbox 523 2988 1833 3089">
     <span class='ocr_line' id='line_1_19' title="bbox 523 2988 1833 3089; baseline -0.001 -22"><span class='ocrx_word' id='word_1_140' title='bbox 523 2992 744 3067; x_wconf 88' lang='lat' dir='ltr'>Ceolnothus</span> <span class='ocrx_word' id='word_1_141' title='bbox 765 2989 1029 3066; x_wconf 81' lang='lat' dir='ltr'>Cantuariensis</span> <span class='ocrx_word' id='word_1_142' title='bbox 1047 2990 1232 3089; x_wconf 84' lang='lat' dir='ltr'>episcopus</span> <span class='ocrx_word' id='word_1_143' title='bbox 1250 2990 1349 3074; x_wconf 90' lang='lat' dir='ltr'>obiit,</span> <span class='ocrx_word' id='word_1_144' title='bbox 1368 2991 1426 3064; x_wconf 87' lang='lat' dir='ltr'>cui</span> <span class='ocrx_word' id='word_1_145' title='bbox 1444 2989 1601 3065; x_wconf 83' lang='lat' dir='ltr'>succeffit</span> <span class='ocrx_word' id='word_1_146' title='bbox 1619 2988 1833 3066; x_wconf 75' lang='lat' dir='ltr'>E&#39;6elredus.</span> 
     </span>
    </p>

    <p class='ocr_par' dir='ltr' id='par_1_11' title="bbox 520 3108 1925 3211">
     <span class='ocr_line' id='line_1_20' title="bbox 520 3108 1925 3211; baseline -0.001 -24"><span class='ocrx_word' id='word_1_147' title='bbox 520 3115 628 3187; x_wconf 84' lang='lat' dir='ltr'>Anno</span> <span class='ocrx_word' id='word_1_148' title='bbox 647 3111 834 3208; x_wconf 74' lang='lat' dir='ltr'>necelxxj.</span> <span class='ocrx_word' id='word_1_149' title='bbox 854 3113 950 3185; x_wconf 84' lang='lat' dir='ltr'>venit</span> <span class='ocrx_word' id='word_1_150' title='bbox 961 3136 1184 3210; x_wconf 85' lang='lat' dir='ltr'>paganorum</span> <span class='ocrx_word' id='word_1_151' title='bbox 1196 3111 1371 3184; x_wconf 82' lang='lat' dir='ltr'>exercitus</span> <span class='ocrx_word' id='word_1_152' title='bbox 1381 3111 1417 3182; x_wconf 90' lang='lat' dir='ltr'>in</span> <span class='ocrx_word' id='word_1_153' title='bbox 1434 3108 1740 3196; x_wconf 79' lang='lat' dir='ltr'>Uuestsaxoniam,</span> <span class='ocrx_word' id='word_1_154' title='bbox 1754 3113 1865 3211; x_wconf 86' lang='lat' dir='ltr'>usque</span> <span class='ocrx_word' id='word_1_155' title='bbox 1879 3113 1925 3185; x_wconf 88' lang='lat' dir='ltr'>ad</span> 
     </span>
    </p>
   </div>
   <div class='ocr_carea' id='block_1_3' title="bbox 468 3227 1924 3447">
    <p class='ocr_par' dir='ltr' id='par_1_12' title="bbox 468 3227 1924 3447">
     <span class='ocr_line' id='line_1_21' title="bbox 471 3227 1924 3333; baseline -0.001 -27"><span class='ocrx_word' id='word_1_156' title='bbox 471 3232 702 3333; x_wconf 76' lang='lat' dir='ltr'>Redingum‚⁰</span> <span class='ocrx_word' id='word_1_157' title='bbox 716 3256 867 3331; x_wconf 89' lang='lat' dir='ltr'>quorum</span> <span class='ocrx_word' id='word_1_158' title='bbox 883 3231 993 3304; x_wconf 86' lang='lat' dir='ltr'>duces</span> <span class='ocrx_word' id='word_1_159' title='bbox 1010 3230 1152 3303; x_wconf 85' lang='lat' dir='ltr'>fuerunt</span> <span class='ocrx_word' id='word_1_160' title='bbox 1166 3229 1238 3301; x_wconf 86' lang='lat' dir='ltr'>duo</span> <span class='ocrx_word' id='word_1_161' title='bbox 1256 3255 1359 3328; x_wconf 85' lang='lat' dir='ltr'>reges</span> <span class='ocrx_word' id='word_1_162' title='bbox 1374 3227 1556 3328; x_wconf 84' lang='lat' dir='ltr'>Basrechg</span> <span class='ocrx_word' id='word_1_163' title='bbox 1574 3241 1610 3303; x_wconf 89' lang='lat' dir='ltr'>et</span> <span class='ocrx_word' id='word_1_164' title='bbox 1629 3228 1806 3304; x_wconf 82' lang='lat' dir='ltr'>Haldene.</span> <span class='ocrx_word' id='word_1_165' title='bbox 1837 3231 1924 3316; x_wconf 88' lang='lat' dir='ltr'>Qui·</span> 
     </span>
     <span class='ocr_line' id='line_1_22' title="bbox 468 3346 1924 3447; baseline -0.002 -22"><span class='ocrx_word' id='word_1_166' title='bbox 468 3353 534 3427; x_wconf 87' lang='lat' dir='ltr'>bus</span> <span class='ocrx_word' id='word_1_167' title='bbox 552 3377 741 3425; x_wconf 84' lang='lat' dir='ltr'>occurrens</span> <span class='ocrx_word' id='word_1_168' title='bbox 759 3376 879 3423; x_wconf 88' lang='lat' dir='ltr'>comes</span> <span class='ocrx_word' id='word_1_169' title='bbox 899 3348 1167 3421; x_wconf 84' lang='lat' dir='ltr'>Bearroccensis</span> <span class='ocrx_word' id='word_1_170' title='bbox 1179 3346 1377 3421; x_wconf 64' lang='lat' dir='ltr'>Etielwlfus</span> <span class='ocrx_word' id='word_1_171' title='bbox 1388 3348 1518 3420; x_wconf 87' lang='lat' dir='ltr'>occidit</span> <span class='ocrx_word' id='word_1_172' title='bbox 1530 3349 1697 3421; x_wconf 86' lang='lat' dir='ltr'>comitem</span> <span class='ocrx_word' id='word_1_173' title='bbox 1709 3374 1819 3421; x_wconf 89' lang='lat' dir='ltr'>unum</span> <span class='ocrx_word' id='word_1_174' title='bbox 1834 3349 1924 3447; x_wconf 69' lang='lat' dir='ltr'>Syd-</span> 
     </span>
    </p>
   </div>
   <div class='ocr_carea' id='block_1_4' title="bbox 466 3825 1924 4405">
    <p class='ocr_par' dir='ltr' id='par_1_13' title="bbox 466 3825 1924 4405">
     <span class='ocr_line' id='line_1_23' title="bbox 467 3825 1924 3926; baseline -0.001 -24"><span class='ocrx_word' id='word_1_175' title='bbox 467 3830 533 3903; x_wconf 87' lang='lat' dir='ltr'>dus</span> <span class='ocrx_word' id='word_1_176' title='bbox 556 3842 592 3904; x_wconf 89' lang='lat' dir='ltr'>et</span> <span class='ocrx_word' id='word_1_177' title='bbox 612 3827 813 3902; x_wconf 80' lang='lat' dir='ltr'>Alueredus</span> <span class='ocrx_word' id='word_1_178' title='bbox 840 3827 949 3901; x_wconf 83' lang='lat' dir='ltr'>frater</span> <span class='ocrx_word' id='word_1_179' title='bbox 975 3826 1053 3926; x_wconf 84' lang='lat' dir='ltr'>ejus</span> <span class='ocrx_word' id='word_1_180' title='bbox 1076 3838 1325 3925; x_wconf 85' lang='lat' dir='ltr'>pugnaverunt</span> <span class='ocrx_word' id='word_1_181' title='bbox 1349 3838 1472 3899; x_wconf 85' lang='lat' dir='ltr'>contra</span> <span class='ocrx_word' id='word_1_182' title='bbox 1493 3853 1556 3900; x_wconf 88' lang='lat' dir='ltr'>eos</span> <span class='ocrx_word' id='word_1_183' title='bbox 1583 3826 1677 3925; x_wconf 86' lang='lat' dir='ltr'>apud</span> <span class='ocrx_word' id='word_1_184' title='bbox 1695 3825 1924 3901; x_wconf 75' lang='lat' dir='ltr'>AEffendun.‘¹</span> 
     </span>
     <span class='ocr_line' id='line_1_24' title="bbox 468 3946 1922 4049; baseline -0.001 -27"><span class='ocrx_word' id='word_1_185' title='bbox 468 3949 606 4049; x_wconf 83' lang='lat' dir='ltr'>Pagaui</span> <span class='ocrx_word' id='word_1_186' title='bbox 624 3974 707 4021; x_wconf 84' lang='lat' dir='ltr'>vero</span> <span class='ocrx_word' id='word_1_187' title='bbox 725 3948 886 4021; x_wconf 87' lang='lat' dir='ltr'>fecerunt</span> <span class='ocrx_word' id='word_1_188' title='bbox 904 3947 992 4020; x_wconf 85' lang='lat' dir='ltr'>duas</span> <span class='ocrx_word' id='word_1_189' title='bbox 1010 3959 1156 4030; x_wconf 88' lang='lat' dir='ltr'>turmas,</span> <span class='ocrx_word' id='word_1_190' title='bbox 1170 3970 1278 4019; x_wconf 84' lang='lat' dir='ltr'>unam</span> <span class='ocrx_word' id='word_1_191' title='bbox 1291 3958 1457 4019; x_wconf 84' lang='lat' dir='ltr'>rexerunt</span> <span class='ocrx_word' id='word_1_192' title='bbox 1474 3946 1545 4019; x_wconf 88' lang='lat' dir='ltr'>duo</span> <span class='ocrx_word' id='word_1_193' title='bbox 1563 3946 1721 4045; x_wconf 86' lang='lat' dir='ltr'>praedicti</span> <span class='ocrx_word' id='word_1_194' title='bbox 1739 3972 1854 4045; x_wconf 69' lang='lat' dir='ltr'>reges</span> <span class='ocrx_word' id='word_1_195' title='bbox 1874 3948 1922 4021; x_wconf 88' lang='lat' dir='ltr'>al-</span> 
     </span>
     <span class='ocr_line' id='line_1_25' title="bbox 466 4065 1921 4143; baseline -0.001 -1"><span class='ocrx_word' id='word_1_196' title='bbox 466 4082 578 4143; x_wconf 87' lang='lat' dir='ltr'>teram</span> <span class='ocrx_word' id='word_1_197' title='bbox 596 4094 679 4141; x_wconf 88' lang='lat' dir='ltr'>vero</span> <span class='ocrx_word' id='word_1_198' title='bbox 691 4066 840 4141; x_wconf 76' lang='lat' dir='ltr'>universi</span> <span class='ocrx_word' id='word_1_199' title='bbox 858 4067 1028 4140; x_wconf 87' lang='lat' dir='ltr'>comites:</span> <span class='ocrx_word' id='word_1_200' title='bbox 1055 4078 1140 4139; x_wconf 87' lang='lat' dir='ltr'>tunc</span> <span class='ocrx_word' id='word_1_201' title='bbox 1160 4065 1364 4139; x_wconf 56' lang='lat' dir='ltr'>Asselredus</span> <span class='ocrx_word' id='word_1_202' title='bbox 1382 4065 1495 4141; x_wconf 86' lang='lat' dir='ltr'>diviso</span> <span class='ocrx_word' id='word_1_203' title='bbox 1519 4067 1676 4140; x_wconf 86' lang='lat' dir='ltr'>exercitu</span> <span class='ocrx_word' id='word_1_204' title='bbox 1694 4068 1755 4139; x_wconf 84' lang='lat' dir='ltr'>suo</span> <span class='ocrx_word' id='word_1_205' title='bbox 1777 4067 1814 4140; x_wconf 88' lang='lat' dir='ltr'>in</span> <span class='ocrx_word' id='word_1_206' title='bbox 1832 4066 1921 4140; x_wconf 84' lang='lat' dir='ltr'>duas</span> 
     </span>
     <span class='ocr_line' id='line_1_26' title="bbox 466 4185 1921 4287; baseline -0.001 -25"><span class='ocrx_word' id='word_1_207' title='bbox 466 4201 596 4287; x_wconf 88' lang='lat' dir='ltr'>partes,</span> <span class='ocrx_word' id='word_1_208' title='bbox 615 4214 695 4261; x_wconf 87' lang='lat' dir='ltr'>cum</span> <span class='ocrx_word' id='word_1_209' title='bbox 714 4213 785 4260; x_wconf 85' lang='lat' dir='ltr'>una</span> <span class='ocrx_word' id='word_1_210' title='bbox 804 4186 1007 4286; x_wconf 80' lang='lat' dir='ltr'>congreffus</span> <span class='ocrx_word' id='word_1_211' title='bbox 1025 4185 1076 4260; x_wconf 89' lang='lat' dir='ltr'>est</span> <span class='ocrx_word' id='word_1_212' title='bbox 1097 4199 1220 4260; x_wconf 87' lang='lat' dir='ltr'>contra</span> <span class='ocrx_word' id='word_1_213' title='bbox 1239 4186 1328 4260; x_wconf 90' lang='lat' dir='ltr'>duos</span> <span class='ocrx_word' id='word_1_214' title='bbox 1347 4211 1463 4285; x_wconf 86' lang='lat' dir='ltr'>reges,</span> <span class='ocrx_word' id='word_1_215' title='bbox 1490 4198 1525 4260; x_wconf 90' lang='lat' dir='ltr'>et</span> <span class='ocrx_word' id='word_1_216' title='bbox 1544 4211 1654 4259; x_wconf 90' lang='lat' dir='ltr'>unum</span> <span class='ocrx_word' id='word_1_217' title='bbox 1673 4187 1815 4271; x_wconf 87' lang='lat' dir='ltr'>occidit,</span> <span class='ocrx_word' id='word_1_218' title='bbox 1834 4188 1921 4261; x_wconf 88' lang='lat' dir='ltr'>scili·</span> 
     </span>
     <span class='ocr_line' id='line_1_27' title="bbox 466 4305 1920 4405; baseline -0.002 -23"><span class='ocrx_word' id='word_1_219' title='bbox 466 4322 522 4383; x_wconf 88' lang='lat' dir='ltr'>cet</span> <span class='ocrx_word' id='word_1_220' title='bbox 542 4308 724 4391; x_wconf 84' lang='lat' dir='ltr'>Basrech‚⁰</span> <span class='ocrx_word' id='word_1_221' title='bbox 744 4306 946 4381; x_wconf 82' lang='lat' dir='ltr'>Alueredus</span> <span class='ocrx_word' id='word_1_222' title='bbox 962 4331 1046 4380; x_wconf 87' lang='lat' dir='ltr'>vero</span> <span class='ocrx_word' id='word_1_223' title='bbox 1073 4331 1155 4380; x_wconf 87' lang='lat' dir='ltr'>cum</span> <span class='ocrx_word' id='word_1_224' title='bbox 1174 4305 1285 4379; x_wconf 86' lang='lat' dir='ltr'>altera</span> <span class='ocrx_word' id='word_1_225' title='bbox 1311 4317 1411 4404; x_wconf 89' lang='lat' dir='ltr'>parte</span> <span class='ocrx_word' id='word_1_226' title='bbox 1431 4306 1604 4405; x_wconf 80' lang='lat' dir='ltr'>pugnavit</span> <span class='ocrx_word' id='word_1_227' title='bbox 1627 4318 1751 4379; x_wconf 84' lang='lat' dir='ltr'>contra</span> <span class='ocrx_word' id='word_1_228' title='bbox 1772 4308 1920 4381; x_wconf 84' lang='lat' dir='ltr'>comites</span> 
     </span>
    </p>
   </div>
   <div class='ocr_carea' id='block_1_5' title="bbox 462 4523 1919 5013">
    <p class='ocr_par' dir='ltr' id='par_1_14' title="bbox 462 4523 1919 5013">
     <span class='ocr_line' id='line_1_28' title="bbox 498 4523 1918 4595; baseline -0.003 -14"><span class='ocrx_word' id='word_1_229' title='bbox 498 4526 572 4581; x_wconf 79' lang='lat' dir='ltr'>&#39;See</span> <span class='ocrx_word' id='word_1_230' title='bbox 586 4529 613 4579; x_wconf 92' lang='lat' dir='ltr'>S.</span> <span class='ocrx_word' id='word_1_231' title='bbox 629 4528 749 4579; x_wconf 78' lang='lat' dir='ltr'>Dmiclm.</span> <span class='ocrx_word' id='word_1_232' title='bbox 762 4544 787 4594; x_wconf 84' lang='lat' dir='ltr'>p.</span> <span class='ocrx_word' id='word_1_233' title='bbox 802 4529 846 4578; x_wconf 74' lang='lat'>92.</span> <span class='ocrx_word' id='word_1_234' title='bbox 974 4523 984 4545; x_wconf 79' lang='lat'>²</span> <span class='ocrx_word' id='word_1_235' title='bbox 1002 4525 1081 4594; x_wconf 88' lang='lat' dir='ltr'>Upon</span> <span class='ocrx_word' id='word_1_236' title='bbox 1094 4523 1141 4577; x_wconf 85' lang='lat' dir='ltr'>the</span> <span class='ocrx_word' id='word_1_237' title='bbox 1153 4527 1214 4576; x_wconf 78' lang='lat' dir='ltr'>2lst</span> <span class='ocrx_word' id='word_1_238' title='bbox 1226 4523 1258 4577; x_wconf 82' lang='lat' dir='ltr'>os</span> <span class='ocrx_word' id='word_1_239' title='bbox 1274 4523 1376 4577; x_wconf 82' lang='lat' dir='ltr'><strong>March.</strong></span> <span class='ocrx_word' id='word_1_240' title='bbox 1416 4526 1442 4577; x_wconf 89' lang='lat' dir='ltr'>S.</span> <span class='ocrx_word' id='word_1_241' title='bbox 1463 4526 1584 4578; x_wconf 81' lang='lat' dir='ltr'>Dunclm.</span> <span class='ocrx_word' id='word_1_242' title='bbox 1605 4526 1655 4578; x_wconf 89' lang='lat' dir='ltr'><strong>col.</strong></span> <span class='ocrx_word' id='word_1_243' title='bbox 1679 4528 1737 4578; x_wconf 75' lang='lat'>142.</span> <span class='ocrx_word' id='word_1_244' title='bbox 1758 4526 1809 4579; x_wconf 78' lang='lat' dir='ltr'>and</span> <span class='ocrx_word' id='word_1_245' title='bbox 1828 4544 1854 4595; x_wconf 84' lang='lat' dir='ltr'>p.</span> <span class='ocrx_word' id='word_1_246' title='bbox 1875 4530 1918 4578; x_wconf 81' lang='lat'>93.</span> 
     </span>
     <span class='ocr_line' id='line_1_29' title="bbox 464 4607 1919 4678; baseline 0 -17"><span class='ocrx_word' id='word_1_247' title='bbox 464 4608 527 4677; x_wconf 73' lang='grc' dir='ltr'>(7)α</span> <span class='ocrx_word' id='word_1_248' title='bbox 543 4608 613 4663; x_wconf 83' lang='lat' dir='ltr'>Now</span> <span class='ocrx_word' id='word_1_249' title='bbox 627 4608 809 4678; x_wconf 78' lang='lat' dir='ltr'>Nottinglmm.</span> <span class='ocrx_word' id='word_1_250' title='bbox 857 4609 1076 4661; x_wconf 77' lang='lat' dir='ltr'>SeeSDimelm.</span> <span class='ocrx_word' id='word_1_251' title='bbox 1091 4607 1141 4661; x_wconf 87' lang='lat' dir='ltr'>eol.</span> <span class='ocrx_word' id='word_1_252' title='bbox 1159 4611 1217 4671; x_wconf 76' lang='lat'><strong>123,</strong></span> <span class='ocrx_word' id='word_1_253' title='bbox 1328 4607 1508 4661; x_wconf 74' lang='lat' dir='ltr'>&#39;’Eelswitlm.</span> <span class='ocrx_word' id='word_1_254' title='bbox 1600 4608 1677 4662; x_wconf 78' lang='lat' dir='ltr'>eSee</span> <span class='ocrx_word' id='word_1_255' title='bbox 1691 4611 1718 4661; x_wconf 87' lang='lat' dir='ltr'>S.</span> <span class='ocrx_word' id='word_1_256' title='bbox 1733 4611 1854 4662; x_wconf 79' lang='lat' dir='ltr'>Dunelm.</span> <span class='ocrx_word' id='word_1_257' title='bbox 1869 4610 1919 4661; x_wconf 86' lang='lat' dir='ltr'><strong>col.</strong></span> 
     </span>
     <span class='ocr_line' id='line_1_30' title="bbox 466 4688 1919 4753; baseline -0.003 -7"><span class='ocrx_word' id='word_1_258' title='bbox 466 4698 523 4747; x_wconf 75' lang='lat'>124.</span> <span class='ocrx_word' id='word_1_259' title='bbox 633 4692 832 4753; x_wconf 79' lang='lat' dir='ltr'>‘²AEscesdune,</span> <span class='ocrx_word' id='word_1_260' title='bbox 848 4693 1027 4751; x_wconf 69' lang='lat' dir='ltr'>Sat.Chron.,·</span> <span class='ocrx_word' id='word_1_261' title='bbox 1050 4691 1207 4751; x_wconf 84' lang='lat' dir='ltr'>Etscesdun,</span> <span class='ocrx_word' id='word_1_262' title='bbox 1223 4693 1250 4743; x_wconf 91' lang='lat' dir='ltr'>S.</span> <span class='ocrx_word' id='word_1_263' title='bbox 1264 4692 1386 4744; x_wconf 80' lang='lat' dir='ltr'>Dunelm.</span> <span class='ocrx_word' id='word_1_264' title='bbox 1401 4690 1451 4744; x_wconf 87' lang='lat' dir='ltr'><strong>col.</strong></span> <span class='ocrx_word' id='word_1_265' title='bbox 1470 4695 1527 4743; x_wconf 76' lang='lat'>125.</span> <span class='ocrx_word' id='word_1_266' title='bbox 1568 4692 1637 4744; x_wconf 86' lang='lat' dir='ltr'>Now</span> <span class='ocrx_word' id='word_1_267' title='bbox 1652 4691 1748 4752; x_wconf 84' lang='lat' dir='ltr'>Astou,</span> <span class='ocrx_word' id='word_1_268' title='bbox 1770 4708 1832 4744; x_wconf 82' lang='lat' dir='ltr'>nem·</span> <span class='ocrx_word' id='word_1_269' title='bbox 1846 4688 1919 4743; x_wconf 84' lang='lat' dir='ltr'>Wal-</span> 
     </span>
     <span class='ocr_line' id='line_1_31' title="bbox 462 4774 1917 4844; baseline 0 -18"><span class='ocrx_word' id='word_1_270' title='bbox 462 4775 580 4843; x_wconf 57' lang='lat' dir='ltr'>lingt&#39;ord.</span> <span class='ocrx_word' id='word_1_271' title='bbox 596 4776 622 4827; x_wconf 85' lang='lat' dir='ltr'>in</span> <span class='ocrx_word' id='word_1_272' title='bbox 637 4776 794 4833; x_wconf 82' lang='lat' dir='ltr'>Berkshire;</span> <span class='ocrx_word' id='word_1_273' title='bbox 815 4793 844 4827; x_wconf 87' lang='lat' dir='ltr'>or</span> <span class='ocrx_word' id='word_1_274' title='bbox 857 4774 1012 4835; x_wconf 82' lang='lat' dir='ltr'>Ashendon,</span> <span class='ocrx_word' id='word_1_275' title='bbox 1027 4775 1054 4827; x_wconf 91' lang='lat' dir='ltr'>in</span> <span class='ocrx_word' id='word_1_276' title='bbox 1069 4774 1328 4843; x_wconf 80' lang='lat' dir='ltr'>Buckinghamshire.</span> <span class='ocrx_word' id='word_1_277' title='bbox 1509 4774 1520 4797; x_wconf 80' lang='lat'>⁰</span> <span class='ocrx_word' id='word_1_278' title='bbox 1537 4775 1656 4844; x_wconf 76' lang='lat' dir='ltr'>Bersecg,</span> <span class='ocrx_word' id='word_1_279' title='bbox 1680 4776 1708 4827; x_wconf 89' lang='lat' dir='ltr'>S.</span> <span class='ocrx_word' id='word_1_280' title='bbox 1722 4775 1843 4826; x_wconf 80' lang='lat' dir='ltr'>Dunelm.</span> <span class='ocrx_word' id='word_1_281' title='bbox 1867 4774 1917 4826; x_wconf 78' lang='lat' dir='ltr'>eol.</span> 
     </span>
     <span class='ocr_line' id='line_1_32' title="bbox 467 4856 1917 4929; baseline -0.001 -18"><span class='ocrx_word' id='word_1_282' title='bbox 467 4862 533 4919; x_wconf 73' lang='lat'>1263</span> <span class='ocrx_word' id='word_1_283' title='bbox 555 4860 702 4928; x_wconf 59' lang='lat' dir='ltr'>Beiemmg,</span> <span class='ocrx_word' id='word_1_284' title='bbox 717 4877 743 4929; x_wconf 89' lang='lat' dir='ltr'>p.</span> <span class='ocrx_word' id='word_1_285' title='bbox 758 4862 808 4918; x_wconf 73' lang='lat'>923</span> <span class='ocrx_word' id='word_1_286' title='bbox 832 4859 945 4927; x_wconf 56' lang='lat' dir='ltr'>Remum,</span> <span class='ocrx_word' id='word_1_287' title='bbox 964 4858 1105 4927; x_wconf 81' lang='lat' dir='ltr'>Bachsecg,</span> <span class='ocrx_word' id='word_1_288' title='bbox 1122 4858 1229 4926; x_wconf 66' lang='lat' dir='ltr'>Basecg,</span> <span class='ocrx_word' id='word_1_289' title='bbox 1245 4861 1306 4910; x_wconf 72' lang='lat' dir='ltr'><em>Sax.</em></span> <span class='ocrx_word' id='word_1_290' title='bbox 1316 4858 1405 4910; x_wconf 74' lang='lat' dir='ltr'>Cliton.</span> <span class='ocrx_word' id='word_1_291' title='bbox 1463 4856 1553 4910; x_wconf 83' lang='lat' dir='ltr'>These</span> <span class='ocrx_word' id='word_1_292' title='bbox 1567 4858 1706 4910; x_wconf 76' lang='lat' dir='ltr'>variations</span> <span class='ocrx_word' id='word_1_293' title='bbox 1719 4874 1790 4909; x_wconf 82' lang='lat' dir='ltr'>seem</span> <span class='ocrx_word' id='word_1_294' title='bbox 1803 4867 1831 4909; x_wconf 89' lang='lat' dir='ltr'>to</span> <span class='ocrx_word' id='word_1_295' title='bbox 1844 4858 1917 4924; x_wconf 83' lang='lat' dir='ltr'>point</span> 
     </span>
     <span class='ocr_line' id='line_1_33' title="bbox 463 4939 1918 5013; baseline -0.003 -18"><span class='ocrx_word' id='word_1_296' title='bbox 463 4956 511 4996; x_wconf 82' lang='lat' dir='ltr'>out</span> <span class='ocrx_word' id='word_1_297' title='bbox 523 4943 569 4997; x_wconf 84' lang='lat' dir='ltr'>the</span> <span class='ocrx_word' id='word_1_298' title='bbox 582 4943 690 5013; x_wconf 80' lang='lat' dir='ltr'>original</span> <span class='ocrx_word' id='word_1_299' title='bbox 708 4954 736 4997; x_wconf 89' lang='lat' dir='ltr'>to</span> <span class='ocrx_word' id='word_1_300' title='bbox 750 4942 818 4996; x_wconf 81' lang='lat' dir='ltr'>hm&#39;e</span> <span class='ocrx_word' id='word_1_301' title='bbox 831 4943 898 4996; x_wconf 84' lang='lat' dir='ltr'>been</span> <span class='ocrx_word' id='word_1_302' title='bbox 914 4941 1033 5003; x_wconf 84' lang='lat' dir='ltr'>Berserk,</span> <span class='ocrx_word' id='word_1_303' title='bbox 1048 4960 1064 4994; x_wconf 85' lang='lat' dir='ltr'>a</span> <span class='ocrx_word' id='word_1_304' title='bbox 1077 4952 1143 4994; x_wconf 84' lang='lat' dir='ltr'>term</span> <span class='ocrx_word' id='word_1_305' title='bbox 1156 4940 1297 5011; x_wconf 67' lang='lat' dir='ltr'>employed</span> <span class='ocrx_word' id='word_1_306' title='bbox 1309 4942 1343 5010; x_wconf 73' lang='lat' dir='ltr'>hy</span> <span class='ocrx_word' id='word_1_307' title='bbox 1356 4940 1404 4994; x_wconf 88' lang='lat' dir='ltr'>the&#39;</span> <span class='ocrx_word' id='word_1_308' title='bbox 1418 4940 1622 4994; x_wconf 76' lang='lat' dir='ltr'>Scandinmians</span> <span class='ocrx_word' id='word_1_309' title='bbox 1635 4951 1664 4994; x_wconf 89' lang='lat' dir='ltr'>to</span> <span class='ocrx_word' id='word_1_310' title='bbox 1677 4941 1773 4994; x_wconf 82' lang='lat' dir='ltr'>denote</span> <span class='ocrx_word' id='word_1_311' title='bbox 1794 4957 1811 4993; x_wconf 81' lang='lat' dir='ltr'>a</span> <span class='ocrx_word' id='word_1_312' title='bbox 1828 4939 1918 4993; x_wconf 82' lang='lat' dir='ltr'>cham·</span> 
     </span>
    </p>
   </div>
   <div class='ocr_carea' id='block_1_6' title="bbox 0 0 2360 6434">
    <p class='ocr_par' dir='ltr' id='par_1_15' title="bbox 0 0 2360 6434">
     <span class='ocr_line' id='line_1_34' title="bbox 0 0 2360 6434; baseline 0 5"><span class='ocrx_word' id='word_1_313' title='bbox 0 0 2360 6434; x_wconf 95' lang='lat' dir='ltr'> </span> 
     </span>
    </p>
   </div>
  </div>
 </body>
</html>
