4716 6428
439 735 539 809 ab.
572 742 677 810 1245.
783 735 1102 813 CHRONICA
1138 739 1209 816 DE
1246 740 1539 817 MAILROS.
1819 746 1887 820 165

436 950 537 1034 derit,
556 951 721 1051 congruis
742 951 946 1026 attollamus
962 951 1158 1038 favoribus;
1185 979 1275 1052 quos
1299 966 1419 1028 autem
1443 980 1533 1037 reos,
1557 955 1658 1053 penis
1676 953 1804 1028 debitis
1827 954 1887 1028 de·

435 1071 644 1168 primamus;
671 1070 914 1170 appendentes
937 1073 1072 1171 semper
1095 1073 1258 1147 meritum
1276 1086 1312 1148 et
1330 1075 1502 1172 premium
1528 1099 1622 1172 equa
1644 1075 1764 1160 lance3
1791 1076 1886 1149 retri-

434 1185 576 1263 buendo
590 1179 719 1290 cuique
731 1191 836 1290 juxta
848 1192 1059 1292 qualitatem
1073 1193 1188 1291 operis
1205 1219 1296 1292 pene
1310 1194 1366 1267 vel
1383 1196 1498 1294 gratie
1512 1195 1758 1294 quantitatem.
1791 1194 1887 1268 Sane

432 1335 513 1382 cum
527 1311 603 1384 dira
615 1336 822 1410 guerrarum
836 1313 1026 1385 commotio
1044 1313 1230 1387 nonnullas
1243 1314 1460 1413 professionis
1476 1313 1674 1388 Christiane
1688 1314 1885 1413 provincias

432 1428 563 1504 diutius
589 1431 776 1516 afflixissem
806 1457 871 1507 nos
899 1443 975 1506 toto
1002 1434 1186 1531 cupientes
1213 1434 1341 1508 mentis
1369 1434 1501 1508 affefitu
1529 1435 1821 1533 tranquillitatem
1848 1447 1885 1507 et

432 1575 557 1648 pacem
576 1550 722 1625 ecclesie
744 1552 866 1627 sande
887 1551 969 1637 Dei,
993 1577 1036 1626 ac
1059 1553 1272 1652 generaliter
1295 1554 1426 1628 cunsto
1449 1555 1581 1653 populo
1603 1553 1814 1639 Christiano,
1838 1556 1885 1628 ad

431 1671 647 1769 praecipuum
664 1672 859 1770 principem
878 1672 1083 1757 secularem,
1101 1671 1207 1771 hujus
1224 1672 1436 1747 dissensionis
1454 1685 1490 1746 et
1508 1674 1742 1748 tribulationis
1760 1675 1883 1748 austo-

430 1815 504 1862 rem
528 1816 549 1863 a
571 1792 685 1865 felicis
708 1791 961 1867 recordationis
984 1791 1161 1892 Gregorio
1184 1818 1279 1892 papa
1301 1793 1552 1892 praedecessore
1575 1793 1703 1878 nostro,
1728 1819 1791 1893 pro
1814 1795 1884 1869 suis

430 1911 622 1985 excellibus
640 1911 876 1986 anathematis
893 1912 1033 2017 vinculo
1055 1911 1275 1997 innodatum,
1292 1914 1463 2012 speciales
1480 1914 1628 1987 nuncios
1645 1939 1777 2014 magne
1801 1941 1883 1989 auc·

429 2030 580 2104 totitatis
602 2031 706 2116 viros,
730 2031 906 2116 videlicet,
924 2030 1143 2105 venerabiles
1166 2025 1291 2107 sratres
1317 2032 1357 2106 P.
1379 2033 1618 2108 Albanonsem
1640 2045 1724 2107 tunc
1749 2032 1882 2108 Rotho·

427 2153 632 2250 magensem
656 2151 969 2251 archiepiscopum,
991 2151 1210 2226 Willelmum
1232 2152 1462 2228 Sabinensem
1486 2165 1570 2226 tunc
1593 2153 1774 2254 quondam
1799 2153 1881 2228 Mu·

427 2271 589 2344 titensem
613 2272 828 2370 episcopum,
852 2296 895 2345 ac
921 2271 1092 2345 dilelstum
1114 2272 1223 2346 filium
1251 2272 1406 2346 nostrum
1433 2273 1493 2346 W.
1520 2273 1668 2346 Basilice
1692 2273 1881 2347 duodecim

428 2390 678 2489 apostolorum,
696 2392 926 2490 presbiterum
944 2392 1171 2476 cardinalem,
1197 2404 1281 2466 tunc
1305 2391 1473 2466 abbatem
1496 2394 1608 2467 sans'ti
1628 2392 1800 2479 Facundi,
1819 2396 1880 2494 qui

427 2510 575 2585 salutem
598 2512 806 2586 zelabantur
829 2510 945 2610 ipsius,
969 2510 1132 2586 duximus
1150 2511 1386 2587 destinandos
1441 2503 1629 2587 Facientes
1646 2511 1707 2587 fibi
1731 2515 1879 2613 proponi
2008 2615 2011 2620 .

427 2656 489 2729 per
515 2633 607 2730 ipsos
625 2630 722 2731 quod
745 2656 809 2706 nos
827 2642 864 2705 et
888 2633 1014 2706 fratres
1030 2631 1149 2717 nostri,
1176 2643 1348 2730 quantum
1374 2632 1409 2705 in
1433 2631 1536 2707 nobis
1551 2644 1648 2717 erat,
1673 2658 1800 2731 pacem
1818 2657 1880 2731 per

427 2752 546 2825 omnia
564 2753 682 2826 secum
700 2750 844 2836 habere,
867 2775 1007 2826 necnon
1024 2763 1061 2825 et
1079 2776 1160 2825 cum
1177 2751 1340 2826 omnibus
1357 2751 1559 2826 hominibus
1576 2752 1799 2852 optabamus
1818 2778 1880 2852 pa·

428 2873 493 2945 rati
516 2871 578 2945 sibi
602 2897 729 2970 pacem
752 2883 789 2946 et
813 2872 1106 2970 tranquillitatem
1132 2871 1229 2957 dare,
1254 2897 1296 2945 ac
1319 2871 1452 2945 mundo
1474 2873 1582 2946 etiam
1606 2873 1776 2947 universo.
1831 2871 1880 2947 Et

426 2993 511 3090 quia
534 2993 770 3091 praelatorum,
789 2992 1007 3077 clericorum,
1026 2992 1255 3091 omniumque
1280 2992 1429 3066 aliorum
1451 3017 1542 3091 quos
1563 2992 1745 3067 detinebat
1769 2994 1879 3092 capti·

426 3138 500 3197 vos,
524 3125 560 3186 et
583 3113 740 3186 omnium
764 3124 837 3186 tam
860 3112 1066 3187 clericorum
1090 3137 1198 3212 quam
1223 3113 1393 3186 laicorum
1416 3137 1507 3210 quos
1529 3125 1673 3210 ceperat
1696 3113 1731 3184 in
1754 3113 1878 3212 galeis,

427 3232 597 3307 restitutio
615 3245 754 3332 poterat
777 3232 846 3307 else
864 3233 962 3332 pacis
980 3233 1278 3332 quamplurimum
1301 3232 1495 3316 industiva,
1513 3243 1553 3306 ut
1575 3232 1653 3306 illos
1670 3232 1878 3317 restitueret,

426 3377 507 3425 cum
523 3351 592 3426 hoc
615 3353 710 3427 idem
727 3365 802 3428 tam
826 3355 898 3452 ipse
915 3378 1024 3452 quam
1041 3354 1092 3426 sui
1115 3353 1233 3427 nuncii
1252 3365 1445 3451 antequam
1464 3352 1509 3426 ad
1528 3352 1743 3451 apostolatus
1761 3355 1877 3426 vocati

427 3471 576 3546 essemus
593 3473 758 3559 officium,
772 3472 987 3572 promisisset,
1000 3474 1117 3573 rogari
1136 3485 1172 3547 et
1189 3474 1261 3573 peti
1279 3472 1325 3546 ab
1344 3473 1418 3571 ipso
1431 3473 1580 3546 fecimus
1598 3498 1660 3571 per
1673 3472 1815 3546 eosdem
1833 3499 1876 3547 ac

426 3593 587 3691 proponi.
640 3592 784 3693 Insuper
807 3593 904 3693 quod
928 3594 1035 3668 iidem
1058 3619 1121 3693 pro
1138 3593 1241 3668 nobis
1262 3605 1363 3668 erant
1386 3593 1498 3692 parati
1523 3592 1645 3667 audire
1669 3605 1705 3667 et
1723 3594 1877 3667 trastare

425 3737 563 3811 pacem,
590 3737 633 3786 ac
655 3714 763 3788 etiam
790 3712 911 3788 audire
934 3714 1209 3789 satissastionem
1232 3737 1341 3813 quam
1365 3714 1485 3787 facere
1508 3712 1614 3787 vellet
1641 3713 1803 3812 princeps
1831 3713 1876 3787 de

425 3832 588 3907 omnibus
612 3859 675 3932 pro
699 3833 828 3934 quibus
852 3846 928 3909 erat
945 3835 1085 3909 vinculo
1110 3833 1484 3910 excommunicationis
1507 3833 1680 3917 astrissus,
1702 3845 1738 3907 et
1761 3833 1876 3908 offerri

424 3965 607 4051 praeterea,
622 3954 719 4053 quod
736 3952 762 4028 fi
779 3954 926 4029 ecclesia
940 3979 1022 4029 eum
1039 3955 1075 4028 in
1094 3955 1214 4054 aliquo
1230 3952 1355 4028 lefisset
1368 3964 1491 4027 contra
1504 3952 1676 4037 debitum,
1690 3954 1787 4053 quod
1804 3979 1876 4028 non

424 4072 603 4158 credebat,
626 4086 751 4173 parata
769 4086 845 4149 erat
865 4077 1041 4176 corrigere
1065 4101 1108 4149 ac
1131 4074 1165 4148 in
1189 4074 1318 4148 statum
1341 4073 1500 4147 debitum
1523 4074 1726 4148 resormarc.
1780 4071 1828 4147 Et
1851 4074 1876 4147 fi

423 4193 557 4268 diceret
574 4194 660 4293 ipse,
678 4195 775 4294 quod
793 4195 829 4268 in
846 4195 942 4269 nullo
956 4207 1079 4269 contra
1091 4194 1263 4294 justitiam
1280 4194 1406 4267 leserat
1419 4191 1614 4279 ecclesiam,
1628 4193 1684 4268 vel
1697 4195 1794 4292 quod
1810 4219 1876 4269 nos

425 4326 647 4388 cumcontra
665 4313 837 4412 justitiam
859 4314 1058 4401 lefiffemus‚
1081 4315 1195 4415 parati
1219 4339 1358 4388 eramus
1376 4337 1502 4387 vocare
1525 4338 1640 4413 reges,
1658 4315 1822 4413 praelatos
1839 4326 1875 4388 et

424 4435 611 4532 principes,
625 4446 699 4508 tam
712 4434 964 4510 ecclesrasticos
976 4461 1085 4536 quam
1102 4435 1287 4521 seculares
1302 4434 1347 4509 ad
1366 4433 1520 4534 aliquem
1538 4433 1655 4507 locum
1669 4446 1796 4518 tutum,
1814 4434 1874 4507 ubi

426 4579 488 4651 per
510 4556 557 4638 se,
576 4554 631 4628 vel
655 4580 717 4654 per
742 4555 829 4630 alios
847 4557 1043 4655 solempnes
1061 4555 1219 4640 nuncios
1238 4555 1482 4640 convenirent3
1508 4567 1655 4653 eratque
1673 4565 1797 4652 parata
1818 4580 1874 4628 ec·

426 4672 541 4757 clesra,
567 4673 613 4747 de
638 4673 780 4749 consilio
803 4677 955 4760 concilii,
981 4675 1042 4749 fibi
1070 4676 1268 4749 satisfacere
1296 4673 1321 4747 fi
1352 4699 1433 4747 eum
1459 4672 1584 4748 lefisset
1611 4674 1646 4746 in
1673 4673 1803 4772 aliquo,
1831 4698 1873 4746 ac

426 4817 591 4867 revocare
614 4795 823 4869 sententiam
846 4794 998 4895 siquam
1021 4807 1144 4869 contra
1167 4794 1278 4893 ipsum
1302 4794 1427 4892 injuste
1451 4792 1591 4877 tulisset,
1615 4805 1651 4867 et
1674 4817 1754 4866 cum
1778 4794 1873 4866 omni

425 4914 692 4989 mansuetudine
711 4940 753 4988 ac
775 4915 1024 5000 misericordia,
1042 4927 1214 5013 quantum
1231 4939 1314 4988 cum
1334 4913 1415 4988 Deo
1433 4927 1468 4989 et
1491 4912 1625 4988 honore
1642 4914 1704 4988 suo
1721 4912 1795 4988 fieri
1812 4938 1874 5013 po·
