4716 6428
632 740 701 818 170
977 722 1297 803 ΟΗΒΟΝΙΟΑ
1317 721 1406 799 ’ΠΕ
1442 718 1731 798 MAlLROS.
1849 717 1951 796 Ab.
1974 725 2085 796 1245.

630 937 847 1013 venientium
872 928 1055 1034 capcione,
1083 932 1201 1008 claves
1226 930 1372 1008 ecclesie
1398 931 1622 1006 contemserit
1647 942 1683 1006 et
1709 941 1927 1018 contemnat,
1952 933 2089 1010 faciens
2212 937 2216 943 ’

630 1058 692 1133 sibi
719 1056 902 1140 celebrari,
926 1056 982 1129 vel
1008 1066 1181 1154 quantum
1208 1054 1243 1127 in
1270 1078 1314 1129 eo
1340 1053 1403 1139 ess,
1429 1052 1548 1153 potius
1573 1052 1753 1153 profanari
1779 1051 1917 1140 divina3
1943 1065 1980 1128 et
2006 1078 2089 1130 con-

630 1179 762 1253 ssanter
787 1176 1042 1260 asseveraverit,
1063 1188 1104 1248 ut
1128 1175 1286 1274 superius
1309 1173 1360 1248 est
1385 1183 1578 1259 narratum,
1605 1174 1641 1247 se
1664 1172 1804 1273 praesati
1823 1171 1872 1247 G.
1897 1174 2090 1250 sententias

631 1297 708 1373 non
733 1299 855 1372 vereri.
919 1296 1109 1381 Praeterea,
1140 1295 1354 1394 conjunstus
1382 1294 1435 1369 est
1465 1293 1622 1368 amicitia
1650 1291 1850 1368 detestabili
1884 1293 2089 1380 Saracenis3

631 1420 780 1493 nuncios
797 1432 833 1492 et
850 1443 999 1491 munera
1015 1416 1147 1515 pluries
1165 1415 1351 1490 destinavit
1368 1413 1512 1500 eisdem,
1531 1425 1567 1488 et
1585 1412 1632 1488 ab
1650 1414 1702 1488 eis
1718 1412 1862 1488 vicislim
1880 1438 1961 1489 cum
1977 1414 2089 1489 hono·

632 1540 803 1613 risicentia
820 1550 857 1612 et
874 1538 1034 1611 claritate
1053 1536 1198 1636 recepit,
1213 1559 1408 1634 eorumque
1426 1535 1513 1610 ritus
1531 1534 1770 1634 amplastitur,
1784 1534 1932 1634 illosque
1949 1535 1986 1609 in
2003 1561 2091 1635 quo·

505 1707 508 1711 -
632 1660 774 1734 tidianis
804 1657 982 1758 obsequiis
1009 1659 1127 1732 secum
1156 1668 1294 1741 tenens,
1322 1654 1517 1730 eorundem
1545 1655 1654 1729 etiam
1680 1679 1780 1730 more
1807 1654 1976 1730 moribus
2002 1681 2093 1755 quas

631 1779 756 1854 habuit
774 1779 818 1853 de
835 1777 941 1878 stirpe
958 1777 1059 1877 regia
1076 1774 1384 1862 descendentibus,
1397 1776 1593 1862 eunuchos,
1606 1775 1786 1876 praecipue
1798 1800 1890 1875 quos
1906 1786 1946 1850 ut
1963 1775 2092 1851 dieitur

632 1901 720 1974 serio
739 1899 880 1974 castrari
898 1901 1044 1983 fecerat,
1057 1920 1130 1970 non
1144 1895 1284 1979 erubuit
1298 1894 1471 1996 deputare
1484 1895 1664 1982 custodes3
1688 1908 1725 1970 et
1742 1896 1840 1997 quod
1858 1895 2092 1972 execrabilius

633 2021 695 2106 est,
722 2022 758 2094 in
783 2019 943 2120 partibus
966 2017 1117 2092 existens
1143 2018 1227 2091 olim
1252 2017 1503 2103 transmarinis,
1529 2016 1630 2091 fasta
1655 2015 1909 2117 compositione
1935 2016 2091 2116 quadam

633 2143 741 2221 immo
772 2141 896 2239 pocius
926 2137 1127 2224 collusione,
1157 2162 1241 2211 curn
1270 2136 1429 2222 soldano,
1458 2135 1681 2211 Machameti
1708 2129 1839 2211 nomen
1869 2137 1906 2212 in
1937 2135 2092 2236 Templo

635 2262 793 2337 Domini
809 2259 935 2335 diebus
960 2285 1003 2334 ac
1030 2258 1197 2334 nostibus
1225 2256 1368 2357 publice
1393 2257 1603 2357 proclamari
1629 2255 1800 2357 permisit;
1830 2268 1867 2332 et
1892 2282 2006 2358 nuper
2030 2282 2093 2357 per

634 2383 782 2456 nuncios
808 2380 943 2455 soldani
968 2379 1180 2480 Babylonia,
1203 2378 1391 2479 postquam
1414 2377 1580 2453 soldanus
1606 2389 1697 2453 terre
1721 2378 1856 2464 fauste,
1884 2403 1929 2453 ac
1949 2377 2093 2455 Christi-

635 2505 712 2577 anis
728 2500 987 2576 habitatoribus
1004 2501 1093 2600 ejus,
1113 2524 1175 2598 per
1193 2501 1229 2574 se
1247 2523 1290 2572 ac
1307 2500 1387 2574 suos
1401 2498 1558 2599 dampna
1574 2497 1774 2599 gravissima
1789 2510 1826 2574 et
1843 2498 2094 2575 inestimabiles

633 2623 779 2722 injurias
797 2623 981 2721 irrogarat,
1000 2620 1086 2695 fecit
1102 2645 1165 2720 per
1182 2642 1333 2721 regnum
1347 2619 1489 2694 Scicilie
1507 2645 1589 2694 cum
1606 2618 1772 2696 laudibus
1790 2619 1837 2695 ad
1854 2620 2012 2720 ejusdem
2029 2620 2094 2694 sol·

635 2743 718 2817 dani
737 2741 991 2825 extollentiam,
1009 2740 1096 2814 srcut
1113 2741 1235 2826 fertur,
1253 2739 1446 2816 honorifice
1463 2739 1600 2840 suscipi,
1619 2751 1655 2814 et
1671 2740 1861 2841 magnifice
1878 2741 2070 2840 procurari.

688 2862 850 2936 Aliorum
876 2885 1019 2960 quoque
1046 2860 1239 2934 insidelium
1264 2858 1466 2959 perniciosis
1492 2871 1529 2935 et
1554 2859 1941 2960 horrendisobsequiis
1968 2871 2094 2934 contra

636 2984 758 3058 fideles
777 2982 941 3067 abutens
955 2992 992 3056 et
1009 2981 1077 3054 illis
1095 2981 1156 3081 qui
1174 2979 1425 3055 damnabiliter
1436 2980 1696 3080 vilipendentes
1714 2979 1944 3081 apostolicam
1960 2980 2093 3065 sedem,

637 3103 683 3178 ab
701 3104 836 3177 unitate
855 3101 1001 3176 ecclesie
1020 3100 1255 3187 discesserunt,
1273 3124 1467 3202 procurans
1484 3101 1657 3176 affinitate
1681 3127 1726 3176 ac
1748 3101 1904 3176 amicitia
1921 3101 2092 3201 copulari,

636 3226 730 3299 clare
748 3224 919 3298 memorie
932 3223 1060 3297 ducem
1076 3221 1240 3308 Bavarie,
1257 3221 1448 3323 specialem
1462 3220 1608 3297 ecclefie
1624 3220 1788 3296 Romane
1802 3220 1982 3308 devotum,
1995 3222 2093 3306 fecit,

547 3377 550 3382 ·
637 3357 678 3419 ut
695 3348 807 3420 fertur
824 3369 889 3444 pro
907 3355 1017 3429 certo,
1031 3343 1232 3418 Christiana
1249 3343 1422 3442 religione
1439 3342 1621 3443 despesta,
1639 3368 1703 3443 per
1718 3341 1884 3418 Assisinos
1902 3343 2040 3428 occidi;.
2059 3354 2096 3416 et

638 3466 826 3551 Bachario‚
848 3464 918 3539 Dei
936 3476 973 3538 et
990 3463 1136 3539 ecclesie
1154 3464 1310 3550 inimicO,
1328 3490 1350 3538 a
1368 3464 1618 3539 communione
1635 3463 1793 3538 fidelium
1810 3489 1874 3565 per
1891 3488 2094 3540 excommu-

636 3586 824 3660 nicationis
842 3585 1064 3670 sententiam,
1083 3609 1163 3658 curn
1189 3584 1424 3684 adjutoribus,
1441 3584 1720 3660 consiliatoribus
1738 3596 1775 3659 et
1795 3584 1996 3661 fautoribus
2013 3586 2094 3669 suis,

637 3707 876 3807 sollempniter
906 3706 1080 3804 separato,
1110 3705 1219 3779 filiam
1248 3706 1348 3780 suam
1377 3704 1523 3780 tradidit
1548 3705 1585 3779 in
1612 3729 1772 3790 uxorem,
1826 3704 2095 3781 Catholicomm

637 3828 835 3926 principum
852 3850 969 3898 mores
987 3837 1023 3899 et
1041 3825 1144 3899 astus
1162 3826 1341 3924 respuens,
1354 3825 1541 3925 neglector
1557 3825 1756 3901 sanctitatis
1773 3837 1809 3900 et
1826 3826 1935 3913 same,
1952 3827 2096 3927 pietatis

641 3945 807 4047 operibus
824 3970 896 4017 non
919 3945 1081 4020 intendit.
1136 3945 1318 4032 Quinimo,
1337 3957 1376 4019 ut
1394 3945 1439 4021 de
1462 3946 1532 4020 suis
1557 3946 1703 4021 nefariis
1723 3944 2003 4021 dissolutionibus
2019 3945 2095 4020 sile·

640 4091 753 4150 arnus,
772 4091 853 4139 curn
872 4065 1035 4140 didicerit
1052 4066 1263 4166 opprimere,
1289 4091 1361 4139 non
1385 4079 1486 4141 curat
1509 4065 1689 4167 oppressos
1713 4066 1982 4143 misericorditer
2008 4067 2096 4142 rele-

640 4213 736 4271 vare,
754 4211 863 4260 manu
881 4187 970 4286 ejus,
989 4199 1028 4260 ut
1051 4187 1156 4261 decet
1181 4186 1389 4287 principem,
1416 4188 1462 4261 ad
1485 4185 1712 4262 elemosinam
1736 4212 1808 4261 non
1826 4199 1988 4273 extenta3
2015 4213 2097 4264 cum

639 4307 871 4381 destruccioni
890 4304 1115 4381 ecclesiarum
1133 4306 1306 4393 institerit,
1325 4333 1368 4381 ac
1385 4308 1568 4409 religiosas
1585 4334 1628 4383 ac
1646 4308 1734 4384 alias
1751 4307 2004 4384 ecclesiasticas
2016 4309 2098 4410 jugi

639 4428 810 4501 attriverit
838 4426 1032 4500 afflictione
1055 4428 1239 4527 personas;
1265 4453 1333 4502 nec
1354 4429 1532 4515 ecclefias,
1557 4454 1626 4503 nec
1650 4429 1875 4516 monasteria,
1892 4455 1960 4505 nec
1982 4429 2097 4527 hospi·

639 4549 736 4633 talia,
754 4573 822 4622 nec
845 4547 916 4621 alia
933 4547 992 4646 pia
1009 4547 1090 4621 loca
1107 4548 1261 4622 cernitur
1278 4547 1514 4623 construxisse.
1566 4549 1676 4625 Nonss
1698 4551 1805 4652 igitur
1827 4550 1896 4626 hec
1918 4550 2011 4627 levia
2036 4551 2098 4627 sed

640 4669 800 4742 efficacia
824 4669 902 4742 sunt
929 4680 1140 4769 argumenta
1163 4668 1209 4742 de
1232 4669 1426 4768 suspicione
1449 4669 1578 4745 heresis
1599 4685 1722 4745 contra
1745 4696 1845 4757 eum3
1872 4697 1954 4746 cum
1977 4684 2097 4746 tamen

686 4833 796 4898 ‘Anne
810 4855 827 4890 a
839 4836 942 4892 natural
954 4835 1082 4905 daughter
1094 4835 1125 4888 os
1133 4835 1180 4890 the
1193 4853 1320 4907 emperor,
1335 4837 1446 4891 married
1457 4836 1529 4891 John
1544 4838 1651 4903 Vatace,
1665 4856 1786 4911 emperor
1797 4839 1829 4895 os
1836 4840 1883 4895 the
1899 4840 1974 4895 East.
2007 4841 2098 4901 L'rsrt,

638 4921 680 4973 vii.
695 4923 755 4983 247,
781 4926 845 4976 8vo.
954 4921 967 4954 ¹
987 4930 995 4954 ‘
1010 4921 1128 4976 Nonne”
1141 4921 1189 4976 has
1201 4923 1269 4976 been
1282 4921 1416 4993 originally
1427 4923 1530 4979 writtm
1543 4923 1616 4978 bere.
