4716 6428
459 733 560 811 un.
583 734 690 812 nas.
818 670 1137 810 c'nnonrc'a
1170 731 1246 808 on
1280 731 1593 809 uniones·
1837 741 1907 809 an

456 948 628 1026 circuibat
641 951 793 1026 diversas
810 950 993 1055 hominum
1006 951 1181 1035 nationes,
1195 950 1484 1051 ewangelizando
1502 952 1553 1026 eis
1567 976 1715 1051 regnum
1731 952 1818 1037 Dei,
1836 976 1907 1026 non

455 1067 527 1145 fine
544 1071 681 1146 dierum
707 1072 898 1146 multorum
916 1084 1081 1146 caumate
1104 1072 1337 1171 perfervente.
1391 1070 1605 1146 Habuerunt
1626 1071 1732 1171 igitur
1756 1072 1809 1146 isti
1836 1072 1907 1145 duo

458 1189 622 1266 Simones
640 1192 880 1266 austeritatem
905 1193 942 1266 in
959 1191 1148 1291 semetipsis
1167 1192 1214 1266 ad
1231 1193 1486 1277 sufficientiam,
1503 1203 1645 1292 propter
1663 1218 1821 1267 amorem
1838 1193 1908 1266 vite
2016 1185 2019 1192 ’

453 1321 575 1385 eterne
598 1312 644 1386 ad
667 1337 776 1411 quam
799 1313 1012 1411 aspirabant.
1066 1312 1215 1412 Propter
1237 1311 1334 1412 quod
1356 1313 1478 1418 Simon
1504 1313 1630 1387 Petms
1654 1314 1704 1387 ait
1726 1313 1771 1388 de
1797 1314 1907 1412 seipso

453 1430 543 1504 libro
560 1432 631 1532 viij.
674 1432 847 1509 ltinerarii
864 1433 1072 1520 Clementis,
1092 1446 1115 1478 ‘⁶
1127 1457 1226 1506 mens
1244 1459 1324 1507 mea
1342 1459 1413 1507 non
1431 1433 1478 1507 ad
1495 1433 1562 1507 hec
1579 1435 1766 1532 presentia,
1784 1435 1843 1508 sed
1862 1435 1906 1507 ad
2045 1455 2051 1503 ε

454 1550 601 1651 illaque
619 1564 742 1627 eterna
759 1556 849 1639 sunt,
869 1554 1020 1652 asspicit;
1048 1564 1084 1627 et
1101 1552 1183 1628 ideo
1203 1579 1261 1628 me
1279 1553 1387 1627 nichil
1404 1580 1520 1629 rerum
1539 1555 1752 1653 presentium
1770 1554 1907 1629 visibili·

453 1696 585 1772 umque
603 1672 799 1749 delectat.”
850 1673 1011 1760 Quarum
1029 1699 1146 1748 rerum
1164 1674 1356 1749 delectatio
1374 1698 1441 1748 nec
1463 1675 1644 1749 Simonem
1662 1675 1829 1749 comitem
1847 1675 1907 1749 de·

452 1792 670 1880 lestabatur3
697 1795 791 1869 unde
816 1793 970 1879 dicebat,
988 1793 1085 1893 quod
1109 1795 1254 1868 acausa
1278 1795 1437 1869 tuitionis
1462 1794 1606 1896 Anglie,
1631 1821 1738 1894 quam
1765 1809 1907 1896 propter

454 1912 574 1988 Deum
593 1915 688 2014 juste
706 1916 905 2013 susceperat
921 1915 1104 1999 tuendam,
1122 1938 1305 2014 nunquam
1326 1913 1480 2000 resiliret,
1498 1939 1566 1990 nec
1583 1941 1646 2015 pro
1665 1929 1776 1991 morte
1795 1917 1907 2018 quali·

452 2056 594 2134 cunque
611 2060 679 2109 nec
696 2060 760 2135 pro
779 2035 862 2118 vita,
881 2035 1063 2134 quoniam,
1081 2035 1217 2133 inquid,
1236 2035 1458 2110 “moriturus
1476 2037 1551 2109 sum
1568 2048 1711 2136 propter
1729 2038 1863 2111 illam.’'

503 2155 711 2254 Principalis
734 2155 843 2255 igitur
866 2156 973 2229 causa
996 2156 1118 2229 mortis
1138 2154 1244 2254 hujus
1267 2156 1421 2231 Simonis
1439 2156 1506 2230 suit
1527 2157 1694 2255 prestatio
1710 2158 1902 2262 juramenti

451 2276 565 2351 fidelis
588 2302 653 2375 pro
682 2276 829 2376 Anglia,
859 2302 881 2349 a
904 2274 1007 2375 cujus
1032 2276 1224 2375 juramenti
1253 2277 1311 2352 die
1339 2278 1438 2351 etin
1468 2278 1645 2376 posterum
1672 2280 1767 2380 cepit
1791 2293 1905 2355 artare

332 2384 335 2390 λ
451 2399 753 2473 conversationem
772 2399 869 2471 suam
888 2398 998 2496 usque
1016 2397 1062 2471 ad
1080 2397 1174 2471 diem
1192 2398 1433 2473 defunctionis
1450 2400 1523 2483 sue,
1547 2412 1587 2473 ut
1610 2412 1692 2473 ante
1711 2399 1907 2499 expressum

450 2518 518 2603 est3
537 2520 650 2618 utqui
664 2518 880 2618 jampridem
897 2542 969 2591 non
984 2517 1201 2592 abstinuerat
1214 2518 1260 2592 ab
1274 2517 1497 2617 amplexibus
1511 2521 1628 2594 uxoris
1645 2521 1798 2620 proprie,
1811 2547 1905 2596 nunc

449 2640 557 2738 longe
583 2640 658 2713 sieri
685 2640 859 2738 inciperet
882 2650 982 2712 extra
1006 2638 1191 2737 amplexus
1215 2638 1304 2737 ejus,
1328 2664 1426 2713 more
1454 2639 1608 2715 Simonis
1637 2640 1744 2727 Petri,
1770 2643 1833 2741 qui
1859 2641 1906 2715 ab

450 2758 672 2859 amplexibus
690 2761 750 2833 sue
769 2762 889 2833 uxoris
911 2759 1053 2857 penitus
1077 2759 1288 2833 credebatur
1313 2759 1525 2863 abstinuisse,
1544 2786 1614 2860 que
1636 2774 1721 2835 tunc
1738 2763 1907 2862 temporis

451 2880 495 2957 de
522 2880 776 2955 consuetudine
803 2879 879 2953 ibat
903 2879 940 2953 in
967 2891 1060 2960 retro
1086 2880 1258 2954 comitatis
1284 2881 1533 2980 discipulorum
1561 2881 1656 2956 Petri
1683 2907 1765 2957 cum
1794 2895 1907 2958 matre

452 3003 563 3076 sanai
584 3001 782 3076 Clementis
800 3011 836 3075 et
864 3000 942 3075 aliis
959 3001 1090 3076 sanstis
1110 3000 1328 3086 mulieribuS,
1352 3014 1391 3075 ut
1417 3003 1571 3077 innuitur
1597 3002 1687 3076 libro
1704 3003 1777 3102 viij.
1800 2998 1906 3078 Itide-

452 3123 531 3196 rarii
550 3123 719 3221 ejusdem.

502 3243 551 3317 Et
567 3244 705 3318 fastum
724 3242 829 3316 estin
847 3241 973 3317 diebus
989 3242 1057 3315 illis
1075 3253 1114 3315 ut
1136 3242 1258 3316 Simon
1277 3254 1434 3317 uteretur
1452 3243 1578 3328 cilicio,
1592 3243 1638 3317 de
1656 3268 1728 3342 quo
1746 3246 1905 3343 prefatus

452 3366 538 3438 sum.
586 3364 691 3437 Tunc
709 3363 850 3438 audires
868 3363 960 3437 viros
978 3388 1105 3461 graves
1123 3373 1158 3437 et
1176 3362 1357 3462 religiosos
1375 3363 1587 3437 diversorum
1603 3364 1765 3437 ordinum
1783 3363 1905 3462 paslim

452 3509 515 3585 per
535 3483 705 3585 Angliam
729 3485 858 3569 dicere,
883 3508 1033 3582 quorum
1059 3483 1218 3557 nonnulli
1244 3483 1426 3558 venientes
1450 3484 1485 3556 in
1508 3484 1665 3557 Scotiam
1692 3484 1786 3558 idem
1810 3483 1904 3559 dice·

452 3605 550 3690 bant,
569 3605 666 3705 quod
682 3629 754 3678 non
772 3606 888 3680 minus
913 3604 1060 3678 mallent
1078 3592 1210 3704 eligere
1228 3603 1471 3704 postmortem
1494 3604 1648 3679 Simonis
1671 3605 1808 3680 ratione
1826 3606 1903 3705 sup

451 3724 606 3826 plicandi
628 3725 801 3810 altissimo,
819 3737 895 3799 tum
917 3737 1060 3824 propter
1082 3724 1322 3799 austeritatem
1346 3725 1416 3798 vite
1439 3725 1594 3799 Simonis
1616 3726 1652 3799 in
1676 3725 1803 3811 cilicio,
1825 3726 1901 3824 jam

451 3848 546 3922 enim
568 3846 797 3920 innotuerant
820 3845 1096 3920 concubicularii
1127 3846 1281 3920 Simonis
1305 3845 1482 3945 aliquibus
1506 3871 1550 3919 ex
1574 3845 1697 3921 amicis
1720 3847 1789 3920 suis
1812 3871 1902 3945 quos

449 3967 631 4043 habebant
650 3967 821 4066 speciales
834 3967 932 4066 quod
949 3966 1064 4041 cilicio
1080 3977 1236 4041 uteretur
1254 3966 1389 4052 Simon,
1404 3965 1498 4040 unde
1517 3966 1639 4040 Simon
1653 3967 1818 4042 detettus
1835 3969 1902 4042 suit

451 4090 620 4189 quoniam
633 4086 742 4161 nichil
756 4099 830 4161 tam
844 4088 1023 4162 occultum
1041 4087 1092 4161 est
1109 4089 1206 4187 quod
1219 4113 1290 4161 non
1307 4088 1498 4172 reveletur3
1517 4099 1592 4160 tum
1610 4100 1754 4186 propter
1766 4088 1902 4187 justissi-

451 4234 546 4283 mam
569 4211 712 4283 causam
736 4208 983 4309 indigenarum
1003 4208 1136 4309 Anglie
1154 4234 1262 4309 quam
1285 4234 1394 4282 manu
1411 4210 1608 4307 susceperat
1627 4207 1901 4295 defendendam,

452 4329 549 4404 adire
567 4330 743 4404 tumulum
768 4329 846 4429 ejus
868 4330 946 4430 post
963 4330 1099 4403 obitum
1126 4331 1238 4414 suum,
1262 4355 1371 4430 quam
1388 4353 1537 4429 peregre
1555 4329 1724 4430 proficisci
1742 4328 1898 4406 lerosoli·

451 4474 558 4523 mam.
613 4448 685 4523 Alii
704 4461 824 4523 autem
843 4450 1005 4524 dixerunt
1024 4450 1109 4550 quia
1125 4449 1241 4549 sijum
1259 4448 1475 4524 occubuisset
1497 4449 1620 4523 Simon
1644 4461 1786 4550 propter
1802 4451 1901 4551 justi·

451 4570 549 4653 tiam,
574 4568 662 4643 ficut
693 4570 815 4668 postea
841 4571 938 4656 iecit,
966 4571 1057 4645 adeo
1083 4570 1234 4644 libenter
1266 4571 1476 4644 accederent
1501 4570 1546 4644 ad
1572 4570 1770 4670 sepulcrum
1796 4570 1901 4670 ipsius

451 4698 594 4789 propter
612 4689 785 4765 orandum
804 4690 937 4776 Deum,
956 4690 1043 4765 sicut
1066 4691 1111 4765 ad
1135 4692 1277 4789 capsam
1300 4715 1469 4790 magnam
1488 4691 1600 4766 sanai
1624 4690 1764 4764 Thome
1782 4693 1900 4766 marti·

451 4810 497 4882 ris
523 4809 559 4881 in
583 4835 655 4909 qua
680 4811 753 4909 ipse
776 4812 924 4911 quiescit
950 4810 1128 4910 lapidibus
1153 4808 1310 4910 pretiosis
1333 4811 1467 4910 populi,
1490 4812 1561 4885 imo
1584 4810 1682 4911 quafi
1709 4811 1901 4887 innumeris

454 4928 648 5006 Cantuarie
679 4931 903 5031 postmodum
934 4931 1144 5017 edomatus3
1170 4931 1319 5007 feliciter
1346 4930 1565 5007 creberrimis
1591 4957 1613 5005 a
1640 4931 1722 5007 Deo
1749 4930 1901 5007 donatus
