4716 6428
617 744 685 810 150
965 733 1285 810 CHRONICA
1319 732 1395 807 DE
1431 733 1722 809 MAILROS.
1839 735 1940 811 A.D.
1972 746 2078 824 1239.

669 954 814 1027 lntrarit
836 951 976 1037 Ottlro,⁰
994 952 1166 1025 diaconus
1190 949 1379 1025 cardinalis
1397 949 1443 1023 ad
1462 950 1603 1023 titulum
1621 950 1734 1024 saneti
1754 949 1936 1050 Nicholay
1950 952 1985 1025 in
2004 980 2078 1027 car-

618 1101 698 1148 cere
720 1074 900 1157 Tulliano
924 1085 960 1145 ot
989 1071 1179 1173 apostolice
1204 1072 1295 1145 sedis
1323 1072 1475 1171 legatus,
1502 1071 1673 1157 Scotiam,
1698 1072 1792 1145 circa
1819 1072 1947 1147 festum
1966 1075 2078 1149 sanai
2146 1092 2192 1147 sor.
2207 1098 2252 1147 44.

622 1196 768 1268 Mathoni
796 1193 942 1292 apostoli
970 1206 1006 1266 ct
1032 1192 1255 1292 ewangeliste
1284 1192 1388 1291 [Sep.
1408 1193 1493 1291 21];
1522 1194 1616 1266 etin
1640 1193 1761 1293 vigilia
1787 1194 1900 1268 sandli
1927 1195 2079 1270 Dionisri

622 1316 722 1415 [Or-t.
743 1315 782 1413 8]
811 1315 906 1413 apud
932 1314 1068 1388 Melros
1089 1339 1208 1387 coram
1233 1338 1276 1387 eo
1297 1313 1522 1411 supradidtus
1547 1311 1616 1387 H!
1636 1314 1763 1388 iterum
1785 1315 1820 1387 in
1843 1314 2012 1390 abbatem
2033 1316 2079 1391 de

622 1438 760 1509 Calcou
780 1436 932 1535 eligitur.
987 1434 1083 1509 Nam
1110 1433 1341 1532 praedecelsor
1367 1433 1456 1532 ejus,
1481 1434 1531 1507 vir
1557 1433 1630 1507 vita
1648 1446 1683 1507 et
1704 1436 1861 1510 moribus
1879 1437 2080 1522 laudabilis,

621 1557 849 1642 Hrrrhertrrs,t
865 1556 991 1654 plenus
1009 1554 1145 1628 dierum
1164 1555 1275 1654 gratis
1293 1579 1415 1628 euram
1433 1554 1574 1652 reliquit
1595 1554 1819 1654 pastoralem.
1876 1557 2080 1632 Celebravit

621 1680 714 1751 idem
746 1677 869 1750 Hotho
898 1677 1085 1750 concilium
1115 1676 1215 1748 suum
1242 1675 1339 1773 apud
1368 1674 1563 1761 Edinburc,
1592 1675 1629 1748 in
1659 1676 1810 1751 crastino
1838 1678 1950 1752 sandli
1979 1678 2080 1753 Luce

620 1798 832 1897 errangelilli
860 1796 961 1896 [Oct.
986 1796 1061 1894 19],
1084 1808 1120 1869 et
1143 1796 1220 1895 post
1238 1796 1534 1894 sollempnitatem
1556 1797 1714 1870 omnium
1735 1797 1936 1872 santtorum
1966 1798 2079 1897 [Nor.

626 1919 659 2017 l]
682 1946 703 1991 a
726 1919 848 1991 Scotia
866 1916 1024 1991 discessrt.

673 2040 776 2123 Item,
791 2040 967 2136 dompnus
981 2036 1158 2111 Henrieus
1170 2037 1281 2111 abbas
1295 2037 1340 2111 de
1357 2037 1567 2129 Gedewr3e‚
1580 2038 1630 2111 vir
1641 2038 1854 2138 grandevus,
1866 2037 1913 2112 ob
1924 2039 2081 2113 imbecil-

623 2163 757 2234 litatem
776 2160 932 2258 eorporis
949 2158 1114 2257 pastorali
1133 2184 1217 2233 cure
1242 2158 1420 2241 valedixit,
1448 2159 1504 2231 cni
1523 2158 1680 2233 successit
1702 2159 1878 2257 dompnus
1898 2159 2083 2259 Philippus

622 2282 779 2379 eiusdem
798 2280 925 2353 domus
944 2279 1149 2353 eanonicus.

673 2402 812 2475 Eodem
839 2426 932 2474 anno
956 2401 1073 2473 levata
1096 2399 1175 2472 sunt
1201 2398 1273 2473 ossa
1296 2398 1507 2473 venerabilis
1527 2399 1609 2473 Ade
1636 2400 1790 2499 episcopi
1813 2399 2036 2501 Cathenesye
2061 2427 2082 2473 a

622 2526 700 2596 loco
720 2521 780 2594 ubi
807 2520 884 2619 post
909 2521 1116 2616 martyrium
1140 2519 1275 2618 sepulta
1300 2531 1412 2604 erant,
1437 2530 1473 2593 et
1497 2519 1543 2592 ad
1564 2521 1683 2593 sedem
1708 2521 1943 2620 episcopalem
1963 2521 2083 2595 delata

622 2644 742 2742 ibique
761 2641 952 2715 honorilice
971 2640 1124 2738 sepulta;
1142 2640 1178 2712 in
1197 2664 1349 2737 quorum
1365 2640 1556 2724 levatione,
1571 2652 1611 2713 ut
1628 2641 1751 2726 sertor,
1769 2642 1871 2715 saeta
1883 2643 1962 2716 sunt
1978 2643 2082 2716 mira-

621 2764 700 2835 cula
720 2788 790 2835 non
809 2787 936 2860 [rauca.

674 2884 780 2955 Anno
806 2881 955 2954 Domini
980 2881 1126 2953 mcexl.
1152 2879 1240 2952 obiit
1263 2880 1473 2953 venerabilis
1499 2880 1658 2955 Leonius
1684 2882 1797 2956 abhas
1817 2882 2016 2968 Riewalis,ss
2035 2885 2081 2983 vj.

621 3004 700 3076 idus
714 3002 736 3076 J
739 3002 874 3075 anuarii
897 3000 994 3099 [Jan.
1010 3000 1064 3098 8]‚
1079 3000 1136 3073 cui
1155 2999 1232 3099 post
1250 3001 1380 3099 pascha
1397 2999 1503 3099 [Apr.
1524 3001 1584 3101 15]
1601 3002 1758 3076 suecessit
1771 3002 1947 3103 dompnus
1962 3004 2082 3078 Adam

621 3121 1123 3206 mmmmmmm

672 3244 812 3317 Eodem
837 3268 943 3328 anno,
965 3243 1000 3316 in
1023 3242 1080 3315 die
1102 3242 1215 3316 sanai
1241 3241 1421 3315 Vincentii
1446 3241 1545 3342 [Jan.
1564 3242 1645 3342 22],
1672 3246 1895 3318 consecratur
1918 3245 2082 3319 dominus

624 3366 744 3439 Dauid
763 3364 808 3437 de
829 3361 1006 3437 Bernamh
1025 3364 1060 3436 in
1079 3363 1161 3436 sedo
1179 3363 1241 3435 sua
1260 3388 1281 3435 a
1300 3362 1443 3435 domino
1461 3362 1643 3437 Willelmo
1662 3365 1827 3463 episcopo
1846 3365 1891 3439 de
1912 3364 2056 3440 Glascu.

674 3486 862 3584 Dompnus
891 3483 1074 3557 Walterus
1099 3482 1211 3557 abbas
1235 3482 1279 3556 de
1308 3482 1463 3557 Driburc
1486 3484 1582 3557 cellit
1605 3485 1722 3559 officio
1746 3486 1820 3570 suu,
1845 3498 1881 3559 et
1907 3487 2082 3585 dompnus

621 3606 804 3679 ‚lohannes
823 3604 980 3704 ejusdem
1000 3604 1127 3678 domus
1146 3605 1337 3678 canonicus
1356 3604 1388 3678 ei
1406 3603 1574 3679 successit.

673 3726 772 3799 Obiit
794 3725 847 3799 L}
865 3750 925 3797 rex
947 3724 1092 3807 Wallie‚
1112 3724 1169 3797 oui
1188 3724 1345 3798 suecessrt
1365 3724 1486 3798 Dauid
1504 3724 1595 3799 lilius
1613 3724 1701 3824 ejus.

674 3845 774 3918 Obiit
789 3844 973 3919 lohannes
991 3844 1036 3918 de
1056 3844 1308 3918 Normanuill'.

675 3964 778 4048 Item,
798 3964 974 4064 dompnus
994 3965 1200 4038 Alexander
1219 3964 1331 4039 abbas
1350 3966 1395 4039 de
1416 3965 1538 4065 Cupro
1560 3965 1771 4064 pastoralem
1789 3990 1910 4040 euram
1928 3966 2080 4066 reliquit,

623 4099 659 4157 et
677 4085 853 4183 dompnus
873 4084 1093 4160 Gillebertus
1111 4085 1269 4184 ejusdem
1288 4085 1414 4159 domus
1433 4087 1630 4161 monachus
1648 4088 1681 4160 ei
1698 4085 1864 4161 succedit.

675 4204 779 4289 ltem,
797 4204 885 4278 obiit
903 4204 925 4278 J
927 4204 1109 4279 ocelinusk
1126 4206 1313 4305 episcopus
1332 4205 1566 4281 Batonienfis.

668 4370 679 4389 ⁰
696 4366 757 4420 Odo
769 4367 794 4420 le
809 4366 891 4421 Blanc
903 4367 1047 4421 d'Alcrain.
1088 4368 1138 4423 See
1152 4369 1266 4431 Fortiun,
1281 4368 1307 4421 ii.
1321 4373 1365 4422 66.
1475 4368 1622 4440 ‘Namely,
1634 4369 1748 4423 Herbert
1762 4366 1893 4431 Maunsel,
1904 4367 1966 4423 who
1978 4367 2033 4423 had
2044 4386 2085 4423 re·

620 4452 711 4521 signed
724 4450 764 4503 his
778 4450 872 4520 charge
885 4452 911 4505 in
926 4457 1011 4514 1236;
1030 4453 1057 4505 in
1070 4452 1117 4506 the
1130 4453 1291 4524 manuscript
1303 4453 1325 4505 is
1338 4453 1384 4506 the
1397 4454 1522 4522 marginal
1534 4465 1597 4507 note
1612 4462 1630 4484 ‘⁴
1641 4454 1722 4508 abbas
1731 4453 1765 4507 de
1776 4452 1880 4507 Kaleon
1892 4455 1935 4507 x.''
2017 4452 2039 4483 '¹
2055 4454 2086 4507 ln

621 4536 668 4590 the
681 4536 786 4605 margin,
804 4545 821 4567 ‘⁴
835 4537 915 4590 abbas
930 4536 1104 4591 Rieuallensis
1116 4537 1195 4608 xiiij.”
1286 4536 1412 4607 ‘Hugos
1431 4556 1475 4591 soe
1483 4539 1577 4601 above,
1589 4538 1673 4592 under
1682 4539 1729 4592 the
1740 4555 1803 4610 year
1815 4539 1891 4591 1236.
1990 4537 2003 4567 ¹¹
2019 4537 2086 4592 This

621 4630 756 4683 sentence,
770 4619 811 4674 sor
823 4618 870 4674 the
882 4620 938 4675 first
950 4621 1013 4675 time
1026 4621 1130 4691 printed
1143 4622 1234 4683 entire,
1249 4630 1364 4676 correcte
1376 4621 1423 4676 the
1442 4640 1512 4676 error
1530 4622 1587 4676 into
1600 4622 1688 4676 which
1702 4623 1779 4677 Keith
1791 4621 1845 4676 had
1856 4620 1935 4676 fallen
1953 4621 2088 4692 regarding

621 4704 675 4758 this
688 4705 797 4776 bishop;
819 4705 879 4769 aad,
894 4705 976 4760 talron
987 4707 1015 4759 in
1028 4707 1198 4777 conjunctiora
1211 4706 1276 4760 with
1290 4706 1362 4761 what
1374 4707 1396 4760 is
1409 4706 1561 4761 allerwards
1573 4707 1660 4761 stated
1672 4708 1700 4761 in
1713 4707 1760 4761 the
1777 4725 1841 4779 year
1855 4710 1933 4769 1253,
1947 4706 1969 4760 is
1982 4725 1999 4761 a
2010 4706 2092 4778 proos

621 4788 653 4843 os
660 4789 707 4844 the
720 4808 850 4861 accuracy
861 4789 894 4843 os
902 4792 1016 4853 Forrlun,
1032 4790 1120 4845 whom
1135 4790 1218 4846 Keith
1231 4791 1304 4855 cites,
1320 4810 1345 4863 p.
1363 4794 1404 4850 17.
1445 4792 1496 4846 See
1508 4792 1565 4847 also
1578 4793 1693 4856 Fordua,
1712 4792 1739 4847 ii.
1753 4795 1798 4847 68.
1907 4791 1915 4822 ¹
1931 4790 2042 4851 Lewlin,
2057 4806 2087 4844 or

624 4872 760 4927 Lewellin.
801 4875 851 4929 See
865 4877 925 4929 stol.
938 4877 998 4929 Par.
1010 4879 1044 4929 25
1060 4875 1131 4929 Hen.
1148 4876 1218 4937 111.;
1237 4876 1290 4930 and
1303 4877 1359 4931 also
1372 4876 1416 4930 M.
1428 4878 1512 4938 Pars‘s,
1526 4895 1554 4947 p.
1569 4880 1630 4929 ³55.
1769 4876 1937 4941 'losceline
1951 4874 2047 4945 bishop
2059 4872 2092 4927 of

625 4956 703 5017 Beth.
718 4958 740 5011 is
752 4959 884 5031 generally
895 4959 1031 5031 supposed
1043 4969 1072 5014 to
1084 4960 1153 5015 have
1166 4960 1290 5015 survived
1298 4960 1338 5015 till
1352 4960 1417 5017 leth
1429 4958 1591 5025 November,
1608 4962 1685 5015 1242.
