4716 6428
358 666 457 742 ΑΒ.
481 667 588 743 1216.
714 665 1029 741 CHRONICA
1062 666 1138 740 DE
1176 665 1462 743 MAILROS.
1744 678 1812 749 123

356 879 438 954 Hac
457 879 565 955 etiam
583 880 672 963 vice,
698 880 796 977 quod
822 878 1013 953 dolendum
1037 879 1099 963 est,
1126 879 1235 952 invito
1261 879 1403 953 domino
1430 906 1516 981 rege
1540 894 1575 967 et
1602 884 1812 958 omnimodis

354 1000 576 1102 prohibente,
595 1011 630 1073 et
648 1000 783 1073 firmam
810 1024 936 1098 pacem
961 1001 1057 1073 suain
1077 998 1245 1099 religiosis
1259 1000 1491 1086 concedente,
1518 1002 1630 1076 Scotti
1655 1004 1811 1101 quidam,

353 1148 425 1195 non
448 1120 603 1221 magistri
627 1120 757 1193 milicie
776 1119 835 1193 sed
859 1119 1003 1193 ministri
1029 1120 1176 1204 malitie,
1208 1120 1352 1193 domum
1371 1122 1416 1194 de
1436 1120 1684 1196 Holmcultian
1702 1126 1812 1198 omni·

353 1242 418 1315 bus
444 1266 659 1340 quecunque
685 1252 876 1339 potuerunt
903 1241 1091 1340 attingere,
1122 1241 1227 1315 sacris
1253 1242 1417 1315 videlicet
1447 1241 1555 1327 libris,
1585 1244 1811 1329 vestimentis,

352 1361 534 1446 calicibuS,
561 1362 662 1460 equis
681 1371 717 1434 et
740 1360 963 1446 animalibus,
983 1360 1187 1434 utensilibus
1211 1373 1247 1434 et
1273 1362 1500 1448 indumentis
1518 1376 1592 1439 tain
1618 1366 1755 1439 nefaria
1777 1378 1812 1441 et
1857 1430 1869 1447 ,

351 1483 522 1556 scelerata
539 1481 720 1555 dementia
744 1481 1022 1579 expoliaverunt,
1041 1496 1079 1555 ut
1103 1482 1211 1555 etiain
1237 1483 1452 1556 monachum
1476 1484 1510 1556 in
1535 1485 1752 1560 infirmitorio
1777 1487 1811 1560 in

351 1603 517 1677 extremis
534 1602 697 1701 positum,
716 1601 830 1675 cilicio
853 1600 1118 1700 superpositum,
1145 1602 1271 1700 pannis
1295 1603 1423 1701 quibus
1447 1604 1590 1678 indutus
1609 1620 1684 1679 erat
1703 1606 1812 1680 denu-

350 1724 488 1809 darent,
512 1748 579 1797 nec
598 1722 706 1796 ullam
729 1722 962 1795 reverentiam
980 1723 1085 1795 sacris
1104 1722 1274 1795 altaribus
1293 1723 1511 1798 exhiberent.
1566 1726 1674 1811 Quod
1692 1739 1811 1801 tamen

350 1856 539 1944 peccatum
562 1868 634 1916 non
658 1841 876 1941 pertransivit
901 1843 1062 1926 inultum,
1089 1868 1172 1915 nain
1191 1843 1276 1916 diiin
1300 1855 1556 1918 reverterentur
1574 1872 1656 1920 cuin
1679 1849 1811 1947 praeda,

348 1964 513 2039 submersi
531 1966 609 2039 sunt
627 1965 663 2037 in
686 1963 792 2037 fluvio
817 1962 985 2061 quodam,
1014 1962 1141 2036 Edena
1160 1963 1269 2049 disto,
1288 1978 1461 2063 quantum
1485 1966 1531 2039 ad
1555 1966 1812 2043 estimationem

350 2086 532 2160 hominum
562 2085 748 2183 plusquam
779 2083 874 2157 mille
904 2083 1076 2182 nongenti
1112 2083 1225 2158 Scotti
1256 2085 1291 2157 in
1324 2084 1419 2158 brevi
1451 2085 1539 2160 hora
1569 2087 1651 2161 diei.
1712 2088 1811 2162 Ultio

349 2207 458 2307 digna
478 2206 577 2281 Dei!

400 2327 540 2402 Eodem
564 2351 670 2410 anno,
688 2325 808 2399 mense
826 2324 848 2398 J
851 2324 935 2410 ulio,
958 2349 1039 2397 cnm
1053 2325 1210 2398 exercitu
1228 2327 1289 2398 siio
1309 2327 1481 2411 universo,
1501 2329 1658 2427 exceptis
1680 2329 1812 2403 Scottis

347 2449 392 2521 ile
410 2446 540 2546 quibus
557 2447 729 2545 expensas
746 2443 875 2528 sumsit,
902 2445 1029 2518 iteruin
1051 2444 1255 2518 Caileolum
1280 2446 1462 2543 profestus
1489 2448 1551 2531 est,
1571 2473 1723 2547 eamque
1749 2449 1811 2522 ob-

347 2568 456 2654 sedit;
483 2593 554 2667 que
580 2566 746 2640 videlicet
773 2566 897 2638 civitas
919 2564 1085 2647 Carleoli,
1110 2564 1156 2663 vj.
1181 2564 1261 2637 idus
1285 2564 1438 2665 Augusti
1469 2565 1585 2667 [Aug.
1604 2568 1644 2667 8]
1673 2569 1811 2643 reddita

346 2688 397 2763 est
414 2688 485 2774 illi;
512 2687 693 2762 castellum
708 2697 828 2759 tamen
846 2685 906 2758 illa
920 2685 996 2757 vice
1014 2710 1086 2757 non
1101 2686 1331 2784 expugnavit..
1372 2686 1460 2759 Inde
1474 2713 1556 2760 vero
1575 2689 1807 2787 progrediens

346 2834 408 2909 per
425 2808 582 2883 medium
603 2807 735 2908 Anglie
754 2831 834 2880 cum
853 2806 948 2878 omni
968 2805 1122 2878 exercitv
1139 2806 1213 2889 suo,
1232 2806 1372 2880 vivente
1391 2819 1426 2879 et
1444 2806 1623 2882 invidente
1642 2809 1808 2884 Johanno

346 2956 430 3031 rege
451 2929 597 3029 Angue,
624 2929 735 3026 usque
758 2926 803 2999 ad
825 2926 1021 3010 Doueram,
1045 2925 1081 2997 in
1102 2927 1285 2999 occursum
1304 2926 1436 2999 domini
1466 2924 1652 3002 Laodiuici
1671 2930 1731 3003 filii
1758 2957 1810 3004 ie-

345 3052 401 3152 gis
416 3049 578 3134 Francie,
598 3046 797 3147 progressus
818 3046 890 3131 est;
918 3046 977 3145 qiii
1001 3045 1128 3119 eodeni
1151 3072 1243 3119 anno
1261 3047 1298 3145 ij.
1321 3072 1494 3120 nonarum
1520 3048 1610 3123 Maii
1640 3049 1746 3149 [Mnij
1767 3050 1806 3149 6]

343 3197 424 3245 cuin
450 3169 674 3244 multitudine
700 3167 844 3241 naviuin
868 3166 1009 3265 copiosa
1028 3166 1074 3240 ad
1092 3166 1327 3240 interventum
1341 3166 1513 3240 baronum
1540 3169 1684 3268 Anglie,
1704 3184 1743 3244 ut
1755 3173 1805 3245 eis

344 3291 428 3368 ess'et
454 3292 490 3365 in
510 3290 691 3373 auxilium,
710 3286 971 3387 amplicuerat.¹¹
1030 3285 1071 3359 ln
1089 3286 1158 3359 hoc
1176 3288 1297 3386 itaque
1316 3288 1501 3386 procinctu
1522 3288 1656 3363 itineris
1673 3292 1808 3365 occisus

344 3412 395 3486 est
419 3411 607 3486 Eustacius
624 3410 670 3483 de
689 3408 806 3493 Vesci,
825 3433 936 3507 gener
953 3406 1058 3506 ipsius
1076 3408 1182 3507 regis,
1201 3408 1236 3480 in
1254 3407 1434 3481 obsidione
1453 3408 1585 3482 castelli
1606 3408 1800 3485 Bernardi.i

395 3530 444 3606 Et
475 3530 656 3606 sciendum
692 3529 789 3629 quod
816 3528 1027 3601 adveniente
1070 3525 1285 3601 Laodoivico
1317 3529 1352 3601 in
1390 3529 1572 3628 Angliam,
1607 3529 1807 3605 Willelmus

348 3652 477 3753 Longa
494 3654 606 3751 spata,
624 3653 732 3724 frater
745 3648 852 3749 ipsius
869 3648 964 3749 regis
984 3648 1128 3747 Anglie,
1143 3673 1263 3722 coines
1286 3648 1495 3733 Salilbirie,l
1514 3660 1550 3724 et
1564 3650 1622 3722 alii
1640 3651 1741 3724 mnlti
1760 3650 1806 3725 ab

345 3774 418 3873 ipso
436 3797 522 3872 rege
540 3772 755 3846 divertentes
773 3770 819 3844 ad
840 3768 1094 3843 Laodowicum
1111 3770 1146 3842 se
1164 3768 1426 3854 transtulerunt,
1445 3770 1543 3868 qiiod
1561 3771 1706 3869 quidem
1727 3771 1806 3870 plus

344 3895 415 3968 doli
433 3918 543 3993 quain
566 3892 768 3967 dilestionis
794 3890 936 3975 intuitu,
964 3890 1043 3989 plus
1062 3888 1284 3963 subvertendi
1309 3915 1417 3988 quain
1441 3890 1663 3964 succurrendi
1690 3892 1807 3991 gratia

343 4016 378 4089 se
395 4014 527 4099 fecisse,
546 4038 608 4113 per
627 4013 835 4087 seditionem
856 4011 1078 4100 subsecutam
1103 4010 1265 4083 innotuit.
1321 4009 1403 4084 Hac
1421 4011 1529 4084 etiam
1548 4011 1624 4085 vice
1643 4012 1806 4087 dominus

348 4136 393 4212 Α.
412 4162 474 4210 rex
495 4136 700 4211 Scottorum
726 4134 761 4206 in
782 4132 916 4232 Anglia
934 4157 1071 4205 moram
1088 4132 1236 4215 faciens
1263 4131 1471 4230 liumagium
1489 4132 1575 4206 fecit
1593 4132 1690 4206 disto
1712 4132 1804 4207 Lao-

344 4256 477 4331 dowico
499 4255 612 4356 [apud
632 4252 873 4351 Londonias]¹
897 4263 935 4326 ut
958 4252 1097 4335 dicitur,
1122 4251 1184 4325 sub
1208 4277 1252 4325 ea
1277 4252 1393 4324 sonna
1410 4277 1481 4349 qua
1500 4252 1651 4327 barones
1672 4253 1803 4353 Anglie

342 4379 503 4453 fecerant
528 4376 663 4460 eidem;
690 4386 726 4449 et
750 4386 823 4447 tani
847 4374 920 4472 ipse
950 4371 1186 4446 Laodowicus
1212 4397 1320 4470 quain
1348 4374 1457 4446 ceteri
1480 4372 1631 4447 barones
1657 4374 1801 4475 Anglie‚

388 4590 401 4621 ¹¹
421 4589 549 4661 Anqueti'l,
562 4588 588 4642 ii.
606 4591 672 4649 1893
698 4588 775 4658 Velly,
792 4586 827 4640 iii.
841 4589 903 4639 494.
943 4585 967 4639 It
985 4586 1007 4637 is
1026 4585 1151 4655 probable
1169 4584 1228 4638 that
1247 4584 1294 4638 the
1312 4584 1364 4638 lust
1377 4584 1450 4639 word
1468 4584 1495 4637 in
1514 4585 1567 4639 this
1586 4596 1712 4639 sentence
1730 4586 1751 4638 is
1770 4603 1803 4639 an

342 4674 457 4730 errores
470 4673 517 4728 tlre
532 4673 624 4735 scribe,
638 4672 679 4725 for
697 4679 716 4703 ‘⁴
726 4671 914 4741 applicuerat.”
1021 4670 1029 4701 ¹
1049 4671 1138 4739 Dugd.
1154 4670 1250 4722 Boron.
1264 4670 1281 4721 i.
1296 4672 1340 4722 9³.
1380 4670 1424 4722 lle
1442 4668 1495 4721 had
1509 4670 1620 4722 married
1635 4668 1774 4737 Margaret,
1789 4688 1805 4723 a

343 4758 447 4813 natural
464 4757 592 4827 daughter
610 4756 643 4809 os
659 4755 729 4825 King
744 4754 868 4816 William,
890 4754 1048 4822 conceming
1060 4753 1147 4807 which
1166 4753 1235 4822 lady,
1254 4770 1300 4806 see
1314 4770 1332 4806 a
1343 4754 1448 4806 curious
1466 4763 1539 4823 story
1551 4754 1577 4805 in
1593 4754 1735 4823 Ii'imgliton,
1750 4752 1800 4807 col.

341 4845 422 4899 2422,
565 4840 576 4871 ¹
599 4840 724 4902 William,
741 4838 793 4892 111.
808 4839 861 4893 eorl
873 4838 906 4891 os
921 4838 1062 4909 Salisbnry,
1083 4856 1137 4890 was
1149 4837 1251 4891 natural
1264 4855 1314 4890 son
1327 4837 1359 4890 of
1369 4838 1460 4907 llenry
1475 4836 1521 4898 ll„
1536 4838 1570 4907 by
1584 4836 1747 4899 Rosauiuiid,
1762 4835 1803 4890 liis

341 4924 497 4980 concubine.
619 4923 627 4957 ¹
650 4923 711 4977 The
723 4922 810 4977 words
822 4922 940 4976 inclosed
953 4921 1044 4975 within
1058 4920 1178 4975 brackets
1191 4939 1235 4975 are
1248 4921 1334 4975 added
1346 4922 1381 4993 by
1392 4940 1409 4975 a
1421 4920 1493 4975 hand
1505 4919 1538 4976 os
1545 4920 1591 4975 the
1604 4918 1726 4975 filleenth
1738 4938 1802 4976 cen·

341 5020 409 5081 tury,
423 5008 526 5065 instead
539 5008 571 5063 os
579 5017 598 5041 ‘⁸
608 5018 638 5064 ut
650 5008 770 5071 dicitur,”
782 5006 870 5061 which
882 5007 904 5061 is
917 5007 1042 5078 repeated
1053 5006 1130 5061 twice
1143 5005 1169 5059 in
1182 5005 1229 5059 the
1244 5004 1304 5059 MS.
