4716 6428
304 706 403 781 A.D.
436 710 542 786 1170.
649 699 967 777 CHRONICA
1002 701 1078 775 DE
1113 700 1402 776 MAILROS.
1716 711 1764 777 83

353 914 454 990 Obiit
475 912 599 989 Owein
618 913 761 1013 regulus
782 912 927 987 Wallie.

353 1033 578 1111 Venerabilis
601 1034 761 1109 Thomas
786 1032 1049 1108 Cantuarienfis
1081 1034 1363 1133 archiepiscopus
1391 1060 1412 1107 a
1438 1059 1532 1134 papa
1558 1034 1764 1108 Alexandro

296 1160 373 1257 jam
395 1157 538 1255 legatus
555 1155 686 1241 sabbas,
715 1156 808 1229 circa
833 1155 961 1230 festum
979 1155 1092 1230 sanai
1113 1155 1258 1229 Andree
1280 1154 1393 1253 [Nov.
1421 1154 1486 1254 30]
1508 1155 1553 1229 de
1579 1155 1684 1230 exilio
1702 1182 1764 1255 per

302 1279 396 1379 regis
412 1277 594 1352 licentiam
612 1277 716 1351 rediit
733 1277 769 1350 in
790 1276 988 1376 Anguamb.

364 1400 465 1498 Papa
501 1397 706 1473 Alexander
740 1397 916 1497 suspendit
954 1397 1137 1497 Rogerum
1171 1395 1433 1471 Eboracensem
1464 1397 1764 1497 archiepiscopum

303 1520 347 1593 ab
365 1520 461 1593 omni
479 1519 670 1621 episcopali
688 1518 816 1603 officie,
836 1529 872 1590 et
888 1517 1081 1617 Hugonem
1102 1517 1379 1591 Duuelmensem
1394 1530 1430 1591 et
1450 1517 1651 1592 Gilbertum
1668 1516 1764 1591 Lun-

302 1642 504 1715 douiensem
523 1640 719 1739 episcopos,
738 1652 774 1713 et
793 1651 930 1713 ceteros
957 1638 1160 1736 omnesqui
1184 1638 1419 1711 interfuerunt
1442 1640 1662 1713 coronationi
1692 1664 1764 1712 raon

303 1762 472 1835 canonice
493 1758 640 1834 Henrici
657 1760 718 1833 filii
737 1760 860 1860 regis.⁰

352 1880 460 1955 Anno
478 1880 641 1979 mclxxj.
664 1879 828 1954 Oscelus
854 1879 1066 1953 nefandum!
1101 1878 1291 1977 Onephas
1322 1878 1587 1953 detestandum!
1611 1879 1763 1979 Oflagi-

302 2002 394 2076 cium
412 2001 669 2075 execrandum!
712 2000 746 2074 O
765 2001 1008 2074 cundlisretro
1020 1999 1143 2073 seculis
1155 2000 1351 2073 inauditum
1364 2000 1560 2097 piaculum!
1574 2000 1679 2075 beate
1691 2027 1763 2075 me·

302 2122 411 2195 morie
431 2122 592 2195 Thomas
618 2119 869 2196 Cantuareufis
888 2120 1182 2219 archiepiscopus,
1205 2121 1295 2193 sedis
1314 2121 1504 2218 apostolice
1518 2121 1671 2220 legatus,
1696 2124 1763 2221 pri-

128 2263 186 2317 (οι.
201 2266 247 2317 ao.
264 2262 274 2328 J
302 2267 378 2316 mas
394 2243 503 2316 totius
516 2241 671 2342 Angliae,
686 2242 747 2342 qui
760 2243 838 2341 jam
855 2268 918 2341 per
932 2244 991 2315 sex
1010 2253 1046 2314 et
1064 2266 1107 2314 eo
1122 2242 1273 2339 amplius
1287 2266 1399 2315 annos
1412 2267 1475 2339 pro
1490 2242 1625 2341 justitia
1644 2244 1764 2318 decer-

303 2375 393 2447 tans,
421 2364 517 2462 regis
543 2364 686 2437 senioris
706 2361 907 2462 Anglorum
938 2361 1083 2435 Henrici
1112 2362 1288 2435 violentiis
1317 2362 1353 2433 iu
1385 2362 1514 2436 Galliis
1542 2363 1764 2447 exulaverat,

303 2481 576 2558 innumerabiles
606 2484 715 2558 etiam
743 2483 792 2557 ibi
821 2509 886 2581 pro
908 2482 1036 2557 Christi
1064 2480 1213 2556 ecclesia
1240 2481 1420 2581 perpetius
1451 2484 1607 2582 injurias,
1638 2496 1763 2584 utpote

303 2602 495 2677 infantibus
525 2604 617 2677 iufra
640 2629 752 2677 annos
780 2603 827 2677 ad
854 2602 966 2677 ubera
995 2602 1234 2700 pendentibus
1258 2603 1293 2675 in
1323 2603 1422 2676 cuuis
1448 2603 1540 2677 illius
1570 2604 1765 2677 secuudum

304 2749 445 2798 camem
459 2725 676 2823 propinquis
695 2735 731 2798 et
749 2723 876 2798 ceteris
894 2723 1058 2797 omnibus
1075 2723 1217 2797 senibus
1236 2748 1317 2796 cum
1330 2723 1531 2821 junioribus
1550 2722 1596 2797 ab
1617 2725 1763 2824 Anglia,

304 2844 452 2919 instante
474 2844 682 2943 nequissimo
710 2846 805 2946 regis
831 2844 952 2919 edieto
971 2844 1171 2928 eliminatis,
1190 2870 1280 2942 pace
1307 2844 1452 2917 tandem
1471 2846 1560 2918 inter
1588 2845 1701 2944 ipsum
1730 2860 1765 2919 et

304 2990 425 3065 regem
442 2965 575 3038 domiui
586 2990 680 3065 pape
695 2977 731 3039 et
744 2965 841 3039 curie
855 2963 1030 3049 Romane,
1042 2990 1180 3038 necnon
1192 2965 1380 3037 Gallicano
1393 2966 1550 3050 ecclesie,
1563 2978 1599 3040 et
1610 2968 1765 3040 maxime

303 3086 349 3183 pii
367 3086 462 3186 regis
480 3086 641 3160 Franciae
662 3084 835 3159 Ludovici
853 3085 1019 3159 instantia
1037 3085 1083 3158 ad
1106 3086 1262 3183 plenum,
1282 3096 1321 3157 ut
1338 3084 1542 3184 putabatur,
1561 3089 1764 3170 reformata,

303 3206 489 3305 postquam
508 3206 554 3280 ab
572 3232 618 3281 eo
635 3208 671 3281 in
689 3207 808 3281 osculo
826 3206 925 3305 pacis
942 3209 1059 3279 suerat
1078 3207 1268 3305 susceptus,
1288 3217 1323 3277 et
1341 3206 1377 3279 in
1397 3206 1531 3305 Anglia
1546 3233 1626 3280 cum
1641 3208 1764 3281 litteris

304 3326 372 3399 suis
388 3326 477 3401 liber
503 3327 600 3401 abire
618 3326 812 3427 permissus,
827 3352 849 3399 a
867 3326 1066 3399 domesticis
1085 3337 1121 3398 et
1147 3325 1411 3399 sceleratissimis
1430 3324 1622 3399 baronibus
1649 3339 1685 3400 et
1703 3327 1762 3399 do-

303 3446 471 3521 testandis
496 3447 665 3521 militibus
692 3448 797 3547 regis,
824 3448 947 3546 paucis
974 3445 1099 3519 diebus
1120 3445 1307 3544 postquam
1327 3446 1360 3518 in
1388 3446 1485 3518 suam
1510 3446 1628 3519 sedem
1646 3449 1763 3519 fuerat

304 3568 481 3667 susceptus
498 3569 660 3652 evolutis,
684 3568 847 3643 sevientis
864 3568 960 3667 regis
978 3567 1030 3640 ira
1056 3565 1102 3639 ob
1121 3566 1292 3639 creditam
1313 3565 1374 3639 srbi
1394 3592 1416 3638 a
1437 3565 1580 3639 domiuo
1599 3592 1705 3666 papa,
1725 3582 1764 3639 ut

303 3688 451 3774 distum,
468 3688 687 3789 legationem
705 3700 741 3764 et
759 3688 805 3761 ob
824 3688 1068 3788 episcoporum
1085 3688 1225 3761 suorum
1240 3687 1510 3785 suspensionem,
1521 3688 1629 3787 longe
1647 3689 1763 3787 magis

304 3808 450 3883 dissimili
480 3822 516 3883 et
543 3810 766 3884 sceleratiore
801 3809 908 3882 modo
939 3834 1047 3907 quam
1076 3805 1230 3881 Herodis
1256 3809 1292 3881 in
1321 3807 1442 3881 ,lesum
1476 3808 1531 3881 vel
1558 3808 1701 3882 secundi
1730 3809 1763 3881 iu

304 3928 504 4004 Johannem
522 3930 723 4032 baptistam,
738 3928 784 4003 ad
798 3940 947 4003 mortem
962 3942 1084 4002 contra
1098 3929 1158 4027 jus
1176 3940 1212 4002 et
1225 3931 1280 4002 fas
1299 3928 1512 4027 dampnatus
1530 3929 1565 4001 in
1577 3930 1761 4028 principali

303 4052 409 4125 totius
418 4051 693 4151 Angliesand'te
702 4050 886 4124 Trinitatis
900 4049 1058 4134 ecclesia,
1067 4062 1149 4122 aute
1162 4050 1323 4123 sandtum
1335 4051 1445 4123 altare
1457 4048 1552 4123 beati
1563 4048 1765 4133 Benedicti,

304 4171 611 4246 innumerabilium
627 4183 832 4269 martyrum,
851 4168 1096 4255 consessorum,
1121 4171 1308 4269 virgiuum,
1333 4182 1457 4269 utpote
1475 4171 1511 4243 in
1538 4171 1599 4243 tali
1618 4170 1766 4243 ecclelia

305 4292 586 4367 circumvallatus
604 4292 771 4390 reliquiis,
791 4292 915 4391 quinta
933 4291 991 4363 die
1008 4291 1126 4363 locum
1145 4293 1244 4364 suum
1263 4292 1425 4389 optinens
1443 4290 1521 4388 post
1543 4291 1764 4364 nativitatem

305 4412 484 4486 salvatoris
500 4412 609 4511 [Dec.
622 4410 687 4510 29]
709 4411 795 4485 ficut
806 4411 932 4485 beatus
946 4410 1106 4484 Thomas
1120 4410 1298 4508 apostolus
1312 4437 1343 4483 v.
1357 4411 1415 4484 die
1434 4411 1583 4484 eandem
1603 4412 1765 4483 nativita-

306 4543 376 4605 tem
386 4533 554 4632 praecedit
569 4531 767 4632 [Dec.2l]‚
781 4532 941 4632 sequenti
953 4531 1083 4605 scilicet
1095 4532 1152 4604 die
1166 4531 1243 4630 post
1255 4532 1375 4605 natale
1384 4532 1636 4615 innocentium,
1654 4530 1763 4629 [Dec.

306 4651 384 4750 28],
396 4652 528 4726 fandis
547 4652 795 4726 innocentibus
814 4654 848 4725 in
867 4652 979 4725 altera
990 4652 1062 4725 vita
1081 4652 1318 4749 copulandum
1341 4654 1391 4725 sui
1409 4651 1514 4751 ipsrus
1532 4653 1688 4724 imitatus
1705 4650 1765 4722 Jo-

307 4772 380 4846 sum
396 4786 548 4847 mortem
560 4772 848 4847 interfectoribus
866 4772 1059 4856 remittens
1075 4783 1259 4871 amputata
1272 4775 1347 4846 fere
1362 4773 1465 4845 unius
1479 4798 1522 4845 ex
1537 4771 1672 4844 clericis
1683 4771 1763 4853 suis,

306 4894 365 4991 qui
384 4918 525 4968 crucem
543 4894 768 4992 praeserabat,
787 4895 945 4977 dextera,
959 4891 1047 4992 proh
1059 4890 1201 4965 dolor!d
1219 4892 1267 4965 Et
1279 4892 1365 4966 licut
1376 4918 1478 4965 verus
1494 4891 1621 4965 Christi
1635 4903 1765 4988 martyr

343 5104 520 5177 lAccording
540 5116 569 5161 to
587 5107 707 5169 Grevase,
728 5106 763 5159 he
783 5105 885 5159 arrived
904 5115 931 5158 at
953 5104 1117 5173 Canterhury
1138 5119 1211 5172 upon
1232 5102 1279 5156 the
1299 5101 1365 5155 aoth
1387 5100 1419 5153 os
1429 5100 1589 5161 November,
1610 5099 1660 5153 col.
1685 5101 1762 5151 1414.

308 5186 319 5211 ⁶
335 5188 512 5251 Secum,
526 5189 577 5245 col.
594 5194 679 5253 1413;
694 5190 792 5244 Isoecd.
806 5188 852 5243 sol.
864 5191 933 5247 29&
954 5188 998 5240 M.
1014 5189 1098 5250 Paris,
1113 5205 1139 5257 p.
1151 5190 1194 5240 86.
1304 5186 1316 5217 ‘¹
1333 5186 1377 5238 hu
1389 5184 1541 5253 interesting
1553 5194 1667 5238 account
1679 5182 1710 5237 os
1718 5182 1765 5235 the
