4716 6428
427 708 496 791 176
773 702 1092 780 cunourcn
1125 702 1200 778 ns
1237 701 1523 779 marinos.
1639 702 1740 778 an.
1773 708 1886 779 ιω.
1998 680 2002 687 ’

424 916 591 990 dictionis
612 913 783 998 extendit,
807 914 924 988 taliter
947 912 1083 987 astante
1108 911 1212 986 nohis
1235 923 1271 986 et
1293 911 1419 986 nostris
1444 910 1583 985 auxiliis
1609 911 1756 987 dextera
1785 912 1887 1013 regis

424 1060 550 1136 regum
573 1060 645 1135 que
666 1034 839 1134 justitiam
861 1035 998 1133 semper
1021 1032 1221 1118 comitatur,
1244 1031 1317 1106 istis
1340 1032 1520 1132 principiis
1537 1042 1755 1117 occurretur3
1778 1032 1885 1107 dum-

424 1156 531 1230 modo
549 1158 585 1230 se
602 1154 705 1229 nobis
722 1155 861 1229 illorum
878 1154 1039 1255 potentia
1055 1178 1127 1227 non
1144 1140 1314 1252 opponat,
1327 1178 1453 1253 regum
1470 1165 1507 1227 et
1524 1152 1720 1252 principem
1736 1152 1885 1239 scilicet,

424 1302 515 1375 quos
538 1276 772 1350 communiter
790 1276 896 1349 causa
918 1274 1035 1348 nostra
1059 1273 1246 1375 contingit,
1264 1284 1301 1348 et
1324 1299 1475 1373 quorum
1501 1298 1573 1347 non
1596 1273 1713 1348 minus
1734 1275 1885 1349 vertitur
1969 1334 1973 1339 .

424 1395 585 1471 interesse
603 1420 713 1495 quam
730 1388 899 1481 nostrum,
916 1393 1013 1494 quod
1036 1392 1139 1469 nobis
1157 1406 1193 1469 et
1216 1394 1295 1469 aliis
1317 1405 1409 1469 terre
1434 1393 1613 1470 nobilibus
1636 1396 1777 1469 causam
1796 1394 1886 1494 justi

424 1518 558 1591 timoris
581 1518 618 1591 in
635 1516 765 1592 talibus
787 1515 905 1590 nostra
923 1514 1078 1590 desensio
1099 1498 1171 1589 non
1195 1514 1395 1615 relinquet,
1437 1512 1540 1588 Inviti
1564 1526 1684 1589 tamen
1708 1514 1777 1590 hoc
1794 1516 1885 1590 saci·

423 1664 514 1722 mus,
535 1637 616 1711 Deo
634 1636 734 1722 teste,
752 1636 813 1712 sed
829 1634 1020 1710 necessario
1038 1636 1232 1735 provocati,
1250 1635 1346 1710 velut
1363 1635 1425 1735 qui
1442 1634 1540 1734 peste
1558 1634 1743 1734 multiplici
1762 1633 1885 1711 Chris·

424 1760 622 1832 tianitatem
645 1757 770 1832 nostris
797 1757 1016 1855 temporibus
1039 1756 1200 1831 videmus
1224 1755 1392 1841 attritam,
1417 1756 1464 1831 ad
1486 1755 1589 1855 cujus
1615 1755 1784 1830 auxilium
1808 1781 1885 1831 una

423 1879 616 1964 nobiscum,
636 1891 739 1978 prout
756 1877 956 1977 nuperrime
972 1877 1072 1978 regie
1088 1876 1352 1976 magnificentie
1370 1875 1578 1976 scripsimus,
1595 1875 1679 1950 totis
1696 1875 1883 1952 intendere

424 1998 555 2075 viribus
573 1998 839 2098 superabamus.
893 1996 1071 2098 Requivat
1082 2010 1203 2071 autem
1220 1997 1290 2071 hoc
1308 1996 1353 2070 de
1370 2021 1480 2071 manu
1497 1997 1574 2096 ejus
1587 1995 1760 2097 Deosqui
1777 2009 1882 2072 tanto

424 2120 623 2204 discrimini,
650 2120 746 2219 quod
764 2119 829 2193 toti
853 2119 929 2193 sere
950 2116 1145 2217 reipublice
1166 2116 1365 2192 Christiane
1389 2116 1544 2191 minatus
1561 2116 1750 2203 excidium,
1767 2128 1883 2193 mate·

424 2243 511 2316 riam
546 2239 793 2314 subministrat.
854 2239 995 2313 Datum
1025 2236 1186 2321 Taurini,
1214 2237 1252 2336 ij
1282 2237 1457 2311 kalendas
1489 2235 1647 2336 Augusti
1678 2235 1767 2336 [Jul.
1798 2238 1881 2338 31],

423 2363 531 2436 tercie
549 2359 816 2434 indictionisss’2

475 2602 590 2676 Anno
612 2601 758 2675 Domini
782 2600 961 2675 mcordvi.
987 2599 1163 2699 dompnus
1185 2597 1365 2673 Mathaeus
1388 2598 1590 2673 cellerarius
1614 2597 1659 2672 de
1680 2596 1817 2675 Melros
1843 2600 1880 2675 in
1983 2659 1990 2671 .
2041 2660 2047 2672 .

424 2722 593 2797 abbatem
610 2722 752 2820 eligitur
777 2720 813 2793 in
835 2719 985 2793 crastino
1008 2719 1210 2793 sandtorum
1230 2717 1389 2792 Tiburcii
1407 2729 1444 2792 et
1462 2717 1645 2794 Valeriani
1671 2717 1778 2819 [Apr.
1802 2719 1879 2820 13],

424 2856 460 2916 et
483 2845 519 2916 in
537 2842 595 2916 die
613 2840 820 2915 ascensionis
841 2839 948 2939 [Maij
972 2839 1049 2939 l3],
1067 2867 1090 2913 a
1107 2839 1262 2938 dompno
1283 2838 1465 2912 Willelmo
1483 2839 1649 2938 episcopo
1669 2838 1880 2939 Glasguensr

422 2962 660 3061 sollempniter
677 2962 712 3034 in
731 2959 878 3036 ecclesia
895 2959 940 3034 de
955 2958 1091 3033 Melros
1109 2957 1340 3033 benedicitur.

475 3083 616 3182 Corpus
639 3081 784 3180 dompni
804 3079 950 3155 Henrioi
969 3080 1013 3154 de
1033 3078 1178 3153 Balols⁵
1200 3105 1223 3152 a
1246 3079 1369 3154 sancto
1387 3077 1526 3153 Jacobo
1551 3079 1770 3179 deportatur,
1789 3082 1879 3155 etin

423 3204 579 3303 capitulo
597 3204 643 3277 de
662 3201 797 3276 Melros
814 3200 1005 3274 honorifice
1030 3200 1234 3273 tumulatur.

480 3325 583 3409 Item,
602 3322 713 3397 abbas
733 3321 904 3397 Matheus
921 3321 967 3396 de
984 3321 1107 3395 sanbto
1129 3320 1287 3395 Serrano
1305 3320 1505 3419 deponitur,
1524 3334 1560 3394 et
1575 3319 1771 3395 Gausridus
1787 3322 1881 3419 prior

423 3446 468 3519 de
486 3443 661 3519 Neubotil
678 3445 711 3517 ei
729 3441 950 3543 subrogatur.

476 3566 578 3649 ltem,
597 3564 821 3639 canonizatio
840 3563 952 3639 sanai
972 3561 1153 3636 Edmundi
1172 3561 1455 3661 archiepiscopi.b

474 3686 581 3760 Anno
594 3684 744 3759 Domini
758 3683 952 3782 mcoxlvij.
971 3682 1146 3783 dompnus
1159 3682 1320 3756 Thomas
1333 3681 1378 3756 de
1399 3681 1530 3755 Cantia
1547 3681 1583 3753 in
1602 3681 1709 3756 domo
1727 3683 1773 3757 de
1788 3683 1879 3758 Mel-

423 3832 479 3878 ros
505 3806 651 3879 moritur
676 3815 712 3878 et
737 3803 920 3903 sepelitur;
946 3804 1032 3877 item
1060 3802 1246 3902 Philippus
1268 3802 1313 3876 de
1342 3800 1536 3886 Peccokcs,
1563 3812 1599 3875 et
1623 3800 1803 3878 Robertus
1833 3802 1878 3879 de

426 3926 540 4010 Curri,
559 3937 595 3998 et
618 3924 738 3997 Adam
755 3923 801 3998 de
821 3921 1075 4006 Lomokestun,
1094 3921 1226 3996 ibidem
1244 3921 1476 4022 deportantur
1499 3934 1535 3996 et
1552 3921 1778 4020 sepeliuntur,
1797 3949 1878 3998 cum

426 4044 571 4119 Adada
592 4043 755 4142 Baylols⁰
778 4043 838 4143 qui
860 4043 964 4142 juxta
986 4053 1124 4141 patrem
1142 4042 1242 4115 suum
1263 4041 1474 4125 tumulatum
1501 4053 1537 4116 et
1554 4042 1721 4142 magister
1742 4042 1879 4119 Willel·

423 4191 502 4239 mus
519 4165 564 4238 de
585 4162 810 4238 Grenlauue‘l
827 4164 863 4236 in
881 4161 1038 4261 capitulo
1055 4160 1260 4234 tumulatur.

470 4306 481 4327 ²
504 4304 610 4359 Printed
622 4306 649 4357 in
661 4304 709 4358 the
722 4312 741 4335 ‘⁴
751 4305 877 4375 Ερωοὶω
887 4304 960 4356 Petri
971 4303 1003 4355 de
1018 4301 1126 4363 Viriola?
1138 4302 1156 4355 i.
1166 4305 1210 4364 84,
1224 4304 1286 4354 flvo.
1300 4300 1363 4355 edit.
1380 4304 1456 4359 1740.
1574 4306 1634 4371 (42)
1654 4303 1665 4327 ¹
1687 4304 1710 4358 lt
1721 4304 1743 4356 is
1755 4303 1880 4373 probable

422 4391 481 4444 that
493 4390 545 4443 this
558 4388 700 4443 individual
712 4405 766 4442 was
778 4387 825 4441 the
836 4404 908 4441 same
920 4402 950 4440 as
961 4384 1008 4441 the
1022 4385 1114 4456 Heury
1126 4385 1160 4439 de
1171 4385 1263 4448 Bnliol,
1277 4385 1429 4439 mentioned
1441 4387 1475 4458 by
1483 4389 1605 4458 Dugdase
1616 4390 1643 4441 in
1657 4389 1697 4443 his
1705 4388 1845 4459 Baronage,
1860 4389 1877 4440 i.

422 4479 483 4528 523.
594 4473 606 4503 δ
622 4474 672 4527 See
687 4472 824 4526 Forduaii.
836 4473 884 4532 76;
898 4471 1029 4542 Rayrtosdr'
1039 4469 1106 4522 Ana.
1118 4471 1202 4532 Eccs„
1217 4470 1242 4524 ii.
1251 4471 1314 4524 523.
1349 4470 1374 4522 A
1383 4472 1494 4525 number
1503 4471 1534 4525 os
1542 4472 1646 4526 curious
1658 4472 1764 4544 legenda
1772 4471 1881 4542 relming

421 4572 450 4613 to
459 4560 513 4612 this
524 4557 648 4612 Edmund
662 4556 737 4619 Rich,
752 4553 910 4625 archbishop
922 4552 954 4607 os
964 4553 1135 4625 Canterhury,
1149 4553 1202 4607 will
1214 4555 1248 4608 be
1259 4552 1343 4608 sound
1354 4554 1381 4607 in
1392 4554 1440 4609 the
1454 4556 1584 4610 Chrontcle
1595 4557 1627 4627 os
1635 4556 1788 4617 Lauernam
1804 4556 1881 4611 other

422 4643 575 4715 particulars
587 4660 647 4712 may
659 4642 692 4695 be
704 4657 768 4695 seen
779 4641 806 4693 in
822 4639 977 4710 capgrave’s
991 4639 1065 4692 Nova
1080 4638 1202 4710 [agenda
1216 4638 1323 4710 Anglioe,
1337 4639 1366 4692 in
1376 4638 1423 4693 the
1436 4639 1553 4693 metrical
1570 4639 1614 4693 lise
1626 4641 1653 4694 in
1665 4641 1713 4694 the
1727 4641 1802 4695 Harl.
1819 4641 1880 4697 Ms.

424 4732 501 4791 1277,
516 4728 569 4782 and
580 4729 607 4780 in
620 4726 696 4780 other
707 4725 877 4796 legendarles.
1007 4721 1019 4747 ⁰
1041 4722 1108 4778 This
1123 4723 1210 4778 Adam
1227 4723 1276 4778 has
1288 4722 1402 4793 escaped
1419 4723 1465 4779 the
1483 4725 1571 4779 notice
1583 4723 1615 4778 os
1623 4727 1760 4797 Dugdasae,·
1779 4725 1815 4781 he
1828 4744 1881 4780 was

422 4813 548 4884 probably
560 4830 609 4866 son
620 4821 650 4866 to
662 4809 708 4865 the
718 4810 816 4881 Henry
827 4804 978 4863 mentioned
989 4808 1017 4861 in
1029 4816 1093 4863 note
1104 4805 1126 4861 ¹.
1271 4807 1283 4840 ⁶
1305 4806 1371 4861 This
1384 4825 1439 4861 nus
1456 4807 1583 4880 probably
1595 4808 1642 4863 the
1656 4808 1772 4864 William
1785 4810 1819 4864 de
1833 4810 1881 4864 Al·

422 4907 537 4960 nenton,
552 4896 636 4951 called
653 4894 709 4949 also
725 4894 840 4948 William
852 4894 886 4948 de
900 4891 1047 4956 Greenlaw,
1062 4891 1125 4947 who
1135 4909 1202 4963 gave
1215 4903 1245 4946 to
1264 4891 1379 4946 Melrose
1397 4891 1472 4947 three
1483 4892 1654 4964 ploughgates
1670 4892 1702 4947 os
1715 4893 1778 4948 land
1795 4894 1822 4948 in
1834 4894 1881 4948 the

424 4981 482 5036 vole
494 4980 525 5036 os
535 4981 685 5043 Halsinton,
700 4978 787 5033 which
804 4978 839 5033 he
855 4977 908 5033 had
919 4977 1044 5033 obtained
1060 4976 1127 5031 from
1141 4976 1182 5032 sir
1195 4975 1296 5033 Robert
1307 4977 1341 5032 de
1356 4976 1503 5047 Mrucamp.
1541 4977 1669 5033 Morton't
1681 4977 1797 5033 Monuit.
1812 4978 1879 5033 Aua.

420 5086 446 5138 p.
461 5070 522 5129 266,
537 5066 616 5135 citing
627 5065 674 5120 the
689 5063 825 5135 Cartulury
837 5063 868 5118 os
879 5062 1001 5126 menne,
1016 5062 1061 5117 sol.
1076 5064 1119 5125 74,
1133 5064 1159 5116 b.
