4716 6428
314 728 415 804 A.D.
440 734 547 811 1219.
681 724 1003 801 CHRONICA
1036 725 1112 801 DE
1149 725 1440 802 MAILROS.
1705 736 1773 815 137

311 940 468 1014 Ducenti
487 938 633 1039 quidem
651 937 745 1037 apud
761 938 966 1013 descensum
984 939 1079 1038 regis
1096 938 1408 1037 lerosolymitani,v
1421 940 1555 1039 sugatis
1569 940 1772 1016 custodibus

193 1061 197 1069 '
309 1060 424 1135 solsati
443 1061 504 1159 qui
522 1060 651 1159 vigiliis
668 1060 874 1159 profuerant
892 1058 952 1133 ubi
970 1060 1152 1144 intrarent,
1172 1072 1207 1133 et
1225 1059 1353 1158 gladiis
1371 1072 1407 1133 et
1425 1060 1575 1134 cultellis
1592 1062 1771 1147 ferientes

309 1182 402 1255 viam
422 1181 467 1254 ad
480 1180 661 1255 civitatem
678 1205 878 1279 praeparare
892 1179 954 1253 fibi
973 1192 1110 1253 armata
1127 1204 1236 1253 manu
1249 1181 1469 1267 nitebantur3
1492 1180 1656 1256 dominus
1669 1180 1772 1281 siqui-

310 1301 392 1375 dem
418 1327 479 1375 rex
497 1326 579 1374 eum
602 1302 672 1375 suis
698 1301 733 1373 in
755 1300 877 1373 sabulo
901 1301 962 1373 illa
987 1301 1096 1374 noae
1120 1300 1299 1374 manebat.
1355 1301 1487 1375 Divina
1512 1302 1633 1400 itaque
1657 1302 1773 1401 gratia

309 1421 453 1520 strepitu
472 1421 708 1495 invalescente
722 1421 850 1520 vulgus
864 1445 1053 1494 commune
1066 1421 1333 1521 peregrinorum
1353 1423 1634 1496 acconensem.
1650 1448 1773 1497 eorum

308 1542 438 1615 occidit
456 1554 493 1615 et
510 1541 556 1615 xl.
572 1542 775 1641 captivavit,
790 1567 906 1614 cmxx.
922 1540 1077 1614 abdicati
1092 1542 1271 1615 civitatem
1289 1542 1517 1616 intraverunt.
1555 1543 1653 1617 Nam
1670 1544 1772 1617 sociis

308 1688 431 1736 eorum
449 1662 658 1746 interseetis,
678 1661 739 1760 ipsi
757 1663 867 1735 tercia
885 1662 942 1734 die
961 1662 1128 1760 captivati
1148 1662 1182 1749 in
1201 1663 1343 1736 civitate
1366 1664 1480 1736 miseri
1500 1664 1635 1763 semper
1652 1689 1772 1737 mane-

310 1782 397 1856 bunt
415 1783 619 1882 compediti.
676 1781 797 1855 Ceteri
816 1807 912 1866 vere,
931 1782 992 1881 qui
1012 1783 1253 1881 captivitatem
1272 1795 1308 1855 et
1326 1783 1486 1882 gladium
1504 1787 1698 1870 evaserant,
1720 1811 1772 1858 re·

308 1903 393 1977 versi
418 1905 463 1977 ad
487 1903 697 1987 Soldanum,
717 1928 786 2001 que
810 1903 894 1976 asta
917 1904 1059 1976 fuerant
1084 1902 1286 1976 narrabant.
1342 1905 1460 1977 Prima
1485 1904 1592 2004 igitur
1615 1906 1673 1979 die
1692 1931 1773 1978 eum

307 2038 414 2123 capta
431 2026 499 2098 fuit
517 2024 640 2098 civitas
660 2023 840 2107 Damiete,
859 2023 1020 2121 sequenti
1039 2025 1147 2097 noste
1170 2023 1317 2097 Soldani
1336 2026 1511 2098 exercitus
1529 2026 1642 2098 castra
1660 2050 1772 2099 remo-

307 2170 392 2219 vens
411 2145 554 2218 deloco
573 2146 634 2217 suo
654 2143 780 2217 Nilum
798 2144 971 2229 ascendit3
991 2143 1051 2216 ubi
1070 2156 1250 2227 maneant,
1265 2144 1320 2217 vel
1338 2145 1424 2242 quid
1443 2145 1640 2230 intendant,
1655 2146 1772 2219 adhue

307 2266 524 2363 ignoramus.
572 2264 741 2337 Preterea
758 2264 869 2337 latere
888 2290 950 2338 vos
968 2264 1145 2348 nolumus,
1165 2263 1261 2362 quod
1280 2277 1363 2337 ante
1381 2266 1584 2364 captionem
1603 2266 1772 2340 Damiete

306 2387 425 2459 nuncii
445 2386 579 2458 soldani
598 2384 780 2458 nobiscum
795 2384 1013 2483 colloquium
1031 2384 1244 2468 habuerunt,
1259 2395 1295 2457 et
1309 2410 1451 2458 omnem
1466 2399 1594 2460 terram
1613 2387 1772 2461 sannam

305 2505 408 2579 nobis
427 2506 575 2578 reddere
593 2505 791 2588 voluerunt,
819 2517 936 2603 preter
960 2504 1030 2578 duo
1049 2504 1174 2588 eastra,
1196 2504 1289 2577 Crac
1309 2517 1345 2577 et
1365 2504 1558 2590 Mimtreal,
1577 2505 1623 2579 de
1644 2506 1774 2605 quibus

306 2626 414 2699 etiam
443 2638 634 2725 proventus
662 2625 846 2697 annuatim
876 2624 1083 2698 Christianis
1112 2625 1259 2699 reddere
1288 2626 1473 2711 voluerint,
1501 2628 1673 2726 quamdiu
1702 2653 1771 2727 pax

308 2747 461 2819 duraret.
518 2746 663 2845 Insuper
681 2769 805 2818 omnes
824 2746 984 2844 captivos
1004 2744 1246 2819 Christianes’‘
1303 2803 1626 2820 ......
1634 2761 1650 2791 ¹

361 2988 466 3061 Anno
487 2987 633 3061 Domini
652 3013 811 3062 mccxx.
827 3012 940 3060 nonas
961 2986 1093 3086 Aprilis
1115 2985 1221 3085 [Apr.
1237 2986 1276 3086 5]
1298 2985 1385 3060 obiit
1404 2987 1580 3086 dompnus
1600 2987 1773 3063 Ricardus

308 3107 420 3183 abbas
434 3110 479 3182 de
494 3108 533 3182 N
534 3107 707 3193 eubotil,*
720 3109 777 3181 eui
792 3108 950 3182 successit
964 3107 1140 3206 dompnus
1154 3105 1328 3181 Ricardus
1345 3109 1439 3207 prior
1457 3109 1615 3207 ejusdem
1634 3109 1771 3184 domus.

360 3229 400 3302 ln
427 3229 577 3303 crastino
601 3229 810 3303 octavarum
836 3228 931 3301 Petri
959 3238 996 3301 et
1023 3227 1124 3301 Pauli
1151 3225 1241 3325 [Jul.
1268 3227 1307 3326 7]
1335 3228 1499 3302 translate
1523 3230 1601 3302 sunt
1625 3230 1772 3328 reliquie
1854 3236 1859 3244 '

309 3348 404 3422 beati
425 3349 565 3423 Thema¹
584 3350 757 3448 martyris,
776 3349 878 3448 cujus
896 3348 1131 3422 transsationis
1149 3347 1226 3421 dies
1244 3348 1278 3419 in
1298 3347 1492 3421 cismarinis
1509 3348 1668 3446 partibus
1686 3375 1772 3447 prae-

307 3471 435 3568 cipitur
452 3469 574 3544 lraberi
593 3471 767 3543 festivus,y

357 3591 420 3689 iiij.
439 3615 552 3664 nonas
576 3590 795 3665 Nouembris
817 3588 929 3689 [Nov.
949 3588 988 3689 2]
1010 3590 1186 3689 dompnus
1207 3588 1418 3664 Radulfusv
1439 3589 1551 3663 abbas
1569 3589 1614 3663 de
1635 3590 1772 3676 Kinlos,

307 3712 433 3809 plenus
461 3712 596 3785 dierum
623 3711 809 3796 benorum,
836 3712 871 3783 in
899 3711 1082 3785 senectute
1106 3711 1230 3784 sancta
1255 3710 1299 3783 de
1324 3710 1435 3795 tertia,
1462 3722 1500 3784 ot
1524 3710 1712 3796 credimuS,
1736 3712 1771 3785 in

307 3832 424 3905 celum
448 3832 724 3932 transmigravit3
755 3833 812 3905 eui
837 3831 994 3905 successit
1017 3832 1051 3904 in
1077 3856 1163 3904 cura
1187 3831 1368 3931 regiminis
1392 3830 1568 3931 dompnus
1595 3830 1772 3907 Robertus

308 3950 420 4025 abbas
438 3952 571 4050 primus
585 3952 630 4025 de
646 3951 759 4047 Der,†
770 3952 850 4026 loco
864 3952 966 4051 cujus
984 3952 1122 4026 electus
1136 3950 1187 4024 est
1205 3952 1240 4024 in
1259 3950 1428 4025 abbatem
1447 3952 1492 4025 de
1508 3952 1583 4025 Der
1597 3951 1773 4052 dompnus

310 4070 515 4145 Alexander
532 4072 626 4170 prior
645 4071 690 4146 de
710 4072 847 4147 Kinles.

359 4191 399 4264 ln
418 4204 512 4265 terra
529 4191 646 4266 nostre
665 4192 893 4267 redemtionis
911 4218 955 4267 ex
972 4193 1040 4266 hae
1058 4193 1137 4266 luce
1162 4193 1327 4292 migravit
1345 4193 1391 4267 ad
1410 4206 1539 4267 terram
1558 4194 1675 4269 divine
1693 4221 1772 4295 pro·

308 4311 484 4397 missionis,
504 4323 542 4384 ut
560 4312 749 4397 credimuS,
774 4313 940 4414 magister
960 4312 1138 4388 Robertus
1157 4313 1201 4387 de
1223 4313 1395 4399 Curzun,²
1419 4315 1545 4413 plenus
1563 4314 1632 4389 fide
1651 4316 1772 4390 catho-

307 4432 389 4516 liea,
414 4432 608 4508 adornatos
625 4434 812 4508 virtutibus
836 4446 872 4507 et
895 4435 1083 4534 sapientia3
1111 4436 1212 4533 eujus
1235 4434 1369 4508 meritis
1393 4435 1489 4534 apud
1509 4434 1644 4520 Deum,
1668 4449 1773 4536 prout

310 4552 433 4625 dieunt
452 4553 534 4627 inde
552 4553 754 4639 redeuntes,
773 4554 897 4629 crebra
914 4555 1003 4629 fiunt
1021 4566 1057 4628 et
1074 4579 1208 4655 magna
1224 4554 1426 4663 miracula.¹

356 4714 372 4735 '
392 4714 465 4768 John
478 4717 511 4769 de
526 4717 648 4770 Brienne.
799 4716 811 4740 ²
833 4718 858 4771 T
859 4716 894 4770 lie
907 4718 1037 4771 narrative
1050 4716 1113 4770 liere
1126 4717 1268 4770 concludes
1281 4716 1411 4787 abrnpssy,
1426 4716 1472 4769 tlre
1486 4716 1548 4769 solio
1561 4716 1637 4785 being
1649 4715 1769 4779 finislred.

309 4800 362 4852 and
374 4799 421 4853 tlre
434 4801 536 4871 subject
548 4811 596 4855 not
608 4802 739 4854 resumed.
850 4806 861 4831 ·
878 4802 909 4853 ln
923 4801 969 4854 the
981 4801 1079 4871 margin
1095 4810 1113 4831 ‘⁶
1123 4801 1204 4854 abbas
1217 4801 1250 4853 de
1266 4801 1400 4854 Naubotle
1412 4801 1464 4854 ix.''
1571 4798 1583 4829 ’
1598 4800 1629 4853 ln
1642 4798 1688 4853 tlre
1701 4810 1772 4855 cuta-

308 4884 384 4953 logne
397 4883 430 4936 os
437 4884 519 4938 saints
532 4885 558 4937 in
573 4885 665 4948 L’rlrl,
680 4884 721 4939 liis
734 4884 889 4940 translation
902 4885 923 4937 is
936 4884 992 4938 said
1004 4896 1033 4937 to
1045 4886 1079 4938 be
1093 4902 1164 4955 upon
1178 4883 1225 4941 nh
1235 4884 1298 4954 July
1310 4888 1386 4937 raa-2.
1427 4886 1478 4939 See
1490 4883 1546 4937 also
1557 4885 1671 4945 Fordurr,
1685 4884 1711 4937 ii.
1725 4890 1771 4943 Ida

311 4968 454 5039 lsapgltoa,
470 4968 520 5022 col.
535 4972 614 5022 2428.
785 4968 810 4999 ’³
827 4969 993 5039 Coneerning
1005 4968 1057 5023 thia
1074 4968 1226 5031 individual,
1247 4986 1292 5022 see
1306 4970 1421 5029 For-dun,
1436 4969 1462 5022 ii.
1477 4972 1520 5021 44.
1560 4967 1591 5021 In
1604 4967 1651 5021 tlre
1663 4968 1770 5039 margin.

309 5060 328 5081 ⁴·
338 5052 419 5105 abbas
432 5052 466 5107 de
481 5052 575 5107 Kinlos
588 5053 649 5124 iiij?
757 5055 772 5119 t
792 5053 824 5107 ln
836 5051 882 5107 the
895 5054 993 5124 margin
1008 5060 1026 5085 ¹⁴
1036 5052 1063 5124 ij.
1077 5053 1158 5107 abbas
1170 5052 1204 5108 de
1218 5052 1315 5106 Dere.’'
1424 5051 1433 5075 '
1457 5052 1508 5107 See
1521 5053 1661 5115 Ciacoru'ua
1675 5052 1702 5107 ii.
1716 5056 1760 5112 ³7.

734 5172 752 5219 S
