4716 6428
390 698 458 773 192
737 682 1055 762 CHRONlCA
1090 680 1165 755 DE
1200 677 1491 755 MAILROS.
1602 677 1702 754 ΑΒ.
1733 680 1840 756 1263.

390 907 462 993 Qui
480 929 561 979 cum
578 903 748 978 venissent
770 914 982 976 transmare
1001 897 1163 984 Franoie,
1182 899 1280 973 dicta
1299 896 1495 973 Helionora
1512 897 1658 998 collegit
1682 898 1773 973 adeo
1791 899 1841 972 in·

388 1050 571 1100 numeram
596 1022 857 1098 multitudinem
883 1020 1066 1095 hominum
1088 1044 1133 1094 ex
1157 1016 1297 1093 divertis
1322 1018 1538 1104 nationibus,
1562 1029 1602 1091 ut
1624 1017 1842 1118 superficiem

389 1160 480 1220 terre
505 1145 707 1219 viderentur
733 1141 926 1241 cooperire,
953 1164 997 1214 ex
1025 1139 1303 1248 expugnandum
1330 1137 1502 1239 Angliam
1528 1149 1563 1212 et
1587 1138 1633 1211 ad
1650 1138 1842 1214 delendum

389 1292 512 1340 omnes
534 1265 753 1339 habitatores
776 1263 854 1361 ejus
872 1261 917 1335 de
934 1259 1117 1360 superficie
1141 1271 1244 1334 terre.
1298 1258 1371 1346 Qui
1396 1259 1579 1334 venientes
1598 1258 1645 1333 ad
1666 1261 1843 1336 maritima

391 1386 553 1470 Francie,
572 1383 806 1468 Normannie,
824 1393 861 1455 et
889 1379 1068 1466 Flandrie,
1087 1379 1240 1454 tamdiu
1257 1381 1385 1453 morati
1412 1380 1490 1453 sunt
1513 1379 1575 1465 ibi,
1594 1379 1709 1457 donec
1731 1406 1843 1480 equos

388 1510 481 1593 suos,
495 1506 608 1590 sellas,
622 1529 772 1604 pannos,
791 1513 827 1576 et
840 1503 928 1576 alias
946 1500 1104 1600 quasque
1122 1525 1178 1574 res
1195 1525 1285 1598 quas
1298 1501 1417 1574 secum
1430 1498 1596 1585 tulerant,
1614 1501 1756 1600 penitus
1768 1502 1843 1574 lere

390 1653 514 1701 omnes
526 1624 757 1700 vendidiffent
767 1647 830 1722 pre
847 1621 980 1721 inopia,
998 1631 1087 1694 nutu
1107 1620 1241 1695 Divino
1253 1621 1348 1693 omni
1367 1620 1425 1693 die
1442 1619 1626 1721 noctuque
1645 1632 1768 1696 contra
1781 1646 1843 1695 eos

388 1748 496 1821 flante
527 1744 707 1845 pervalido
737 1755 843 1817 vento
874 1741 1049 1841 aquilonis
1078 1740 1389 1826 vehementiffime,
1413 1753 1449 1815 et
1474 1740 1546 1815 fine
1572 1742 1842 1841 interpolatione

389 1894 452 1967 per
470 1867 560 1939 duos
583 1865 719 1939 circiter
736 1864 873 1937 menses
896 1862 952 1958 vel
979 1861 1142 1961 amplius,
1159 1886 1205 1934 ne
1223 1861 1343 1960 aliquo
1367 1861 1473 1936 modo
1499 1859 1635 1962 poffent
1659 1887 1723 1962 per
1744 1888 1842 1937 mare

389 1985 532 2061 tranfire
550 1986 586 2059 in
602 1984 784 2084 Angliam.
831 1983 903 2068 Qui
920 1980 1081 2056 videntes
1101 1981 1270 2056 Divinam
1292 1982 1495 2081 potenciam
1513 1982 1655 2056 omnino
1671 1981 1734 2057 fibi
1752 1985 1843 2058 reni-

390 2122 537 2192 tentem,
561 2103 686 2180 reverfi
710 2106 788 2178 sunt
814 2102 1052 2202 unusquisque
1077 2100 1123 2176 ad
1151 2103 1304 2202 propria,
1329 2102 1407 2201 post
1433 2102 1670 2202 expletionem
1693 2103 1843 2177 duorum

390 2226 572 2312 mensium,
590 2225 749 2326 exceptis
765 2224 924 2324 plurimis
941 2223 1002 2323 qui
1020 2222 1149 2297 mortui
1166 2223 1245 2297 lunt
1262 2222 1298 2296 in
1316 2222 1384 2296 via.

440 2347 581 2422 Eodem
604 2372 698 2421 anno
724 2345 876 2420 barones
894 2343 1028 2444 Anglie
1049 2368 1112 2443 per
1134 2354 1249 2416 totum
1273 2368 1406 2417 annum
1429 2356 1716 2444 praeparaverunt
1738 2346 1774 2419 se
1796 2344 1843 2418 ad
1903 2364 1910 2375 ·

389 2493 554 2569 guenam
577 2466 775 2551 mortalem,
793 2464 997 2564 diripientes
1014 2488 1077 2563 per
1094 2464 1149 2538 fas
1173 2475 1209 2537 et
1226 2464 1362 2563 nephas
1387 2464 1558 2565 quioquid
1575 2476 1783 2564 potuerunt3
1808 2466 1844 2539 in

389 2589 458 2662 hoc
472 2587 643 2661 affimilati
661 2583 825 2686 piscibus,
843 2585 905 2683 qui
919 2584 1060 2683 rapiunt
1073 2582 1244 2682 quicquid
1259 2582 1410 2684 polsunt,
1429 2596 1468 2657 ut
1484 2583 1742 2660 Aristotelesm
1757 2587 1844 2660 dicit

390 2710 426 2781 in
443 2707 533 2781 libro
550 2707 613 2805 iiij.
634 2706 696 2780 De
715 2703 937 2779 animalibus.
1835 2719 1838 2723 ·

442 2829 550 2901 Anno
563 2805 709 2901 Domini
724 2825 922 2899 u⁰.cc⁰.lx⁰.
936 2836 1076 2922 quarto,
1088 2825 1124 2897 in
1138 2822 1231 2899 bello
1245 2824 1290 2897 de
1305 2823 1440 2926 Lewys,
1451 2825 1602 2901 barones
1617 2826 1750 2926 Anglie
1763 2852 1846 2902 cum

391 2949 547 3023 exercitu
574 2944 874 3022 Londonienlium
899 2945 945 3018 de
962 2945 1124 3018 succursu
1148 2944 1301 3019 Gilberti
1327 2946 1468 3021 comitis
1494 2946 1700 3031 Glouemie‚
1725 2948 1844 3021 trium-

391 3070 590 3170 phaverunt
608 3068 653 3141 de
677 3092 763 3167 rege
787 3068 848 3140 suo
868 3064 1038 3148 Henrico,
1057 3074 1093 3138 et
1112 3063 1287 3139 Eduardo
1311 3065 1481 3165 filio'ejus
1504 3067 1755 3167 primogenito,
1773 3069 1844 3142 cito

390 3191 468 3291 post
485 3189 626 3289 pascha.
669 3187 813 3262 Postera
832 3198 952 3260 autem
970 3185 1027 3258 die
1045 3184 1128 3259 belli
1147 3198 1348 3285 utrumque,
1367 3212 1490 3288 regem
1507 3188 1638 3262 scilicet
1655 3200 1691 3262 et
1709 3200 1845 3274 natum,

392 3310 543 3384 barones
562 3308 718 3382 custodie
736 3306 890 3382 Simonis
904 3305 948 3379 de
963 3304 1091 3380 Monte
1108 3307 1190 3381 forti
1208 3306 1507 3382 contradiderunt.
1553 3307 1593 3381 In
1608 3306 1735 3383 eodem
1752 3307 1846 3383 bello

392 3432 463 3504 duo
487 3429 623 3504 nobiles
648 3429 692 3502 de
722 3429 856 3512 Scotia‚
882 3425 1060 3500 Robertus
1085 3426 1130 3501 de
1156 3425 1270 3502 Brusb
1295 3439 1331 3501 et
1357 3427 1540 3504 lohannes
1566 3428 1725 3514 Cumin,⁰
1750 3431 1844 3529 capti

391 3553 470 3625 sunt
494 3563 530 3624 et
548 3549 715 3624 carcerali
734 3547 891 3623 custodie
913 3546 1106 3647 mancipati
1130 3547 1166 3621 in
1188 3547 1330 3622 castello
1353 3547 1399 3621 de
1419 3548 1533 3623 Dora.
1588 3549 1760 3624 Diffenfio
1784 3577 1845 3624 au·

391 3681 475 3756 tem,
493 3681 758 3771 propterquam
776 3679 854 3741 orta
872 3667 922 3741 est
936 3667 1116 3742 contentio
1134 3668 1224 3742 inter
1242 3694 1364 3769 regem
1381 3680 1418 3743 et
1431 3667 1583 3744 barones
1599 3671 1692 3756 suos,
1706 3672 1844 3745 initium

391 3790 518 3865 habuit
535 3803 571 3864 et
594 3790 699 3863 finem
720 3789 956 3862 aretentione
979 3787 1271 3888 alienigenarum,
1289 3814 1380 3887 quos
1402 3789 1475 3889 ipse
1498 3815 1560 3864 rex
1583 3802 1620 3864 et
1643 3793 1766 3891 regina
1783 3794 1845 3865 sua

395 3909 602 3992 Helionora,
629 3921 742 3982 mater
771 3907 948 3991 Edwardi,
974 3907 1083 4005 longo
1109 3920 1269 4009 tempore
1296 3921 1593 3997 manutenuerant
1620 3923 1656 3986 et
1683 3913 1843 3987 foverant

394 4041 516 4101 contra
534 4028 759 4102 commodum
783 4028 883 4128 regni
906 4027 969 4111 sui,
988 4052 1059 4126 quo
1077 4027 1125 4101 ad
1142 4028 1284 4103 confilia
1308 4054 1430 4104 eorum
1454 4030 1642 4117 credenda,
1660 4044 1696 4105 et
1719 4043 1843 4105 contra

394 4148 613 4253 voluntatem
630 4147 878 4247 indigenarum
897 4172 969 4246 quo
988 4147 1033 4222 ad
1051 4147 1193 4222 consilia
1214 4151 1366 4249 ipsorum
1384 4149 1584 4250 abjicienda
1600 4163 1637 4224 et
1653 4149 1751 4250 quali
1767 4153 1843 4225 sere

396 4269 539 4341 omnino
557 4267 811 4366 postponenda.
867 4266 973 4340 Unde
990 4279 1134 4367 propter
1151 4269 1428 4346 eliminationem
1445 4271 1567 4346 talium
1585 4282 1844 4357 extraneorum,

396 4415 439 4461 eo
457 4388 554 4487 quod
572 4388 675 4461 nimis
686 4388 789 4462 valde
806 4387 1026 4462 invaluerant
1044 4399 1167 4463 contra
1184 4390 1370 4491 indigenas
1387 4404 1491 4477 terre,
1509 4391 1682 4491 usquead
1700 4391 1845 4467 exhere-

397 4509 559 4583 dationes
584 4509 828 4608 perplurimas,
856 4520 894 4582 ut
917 4508 1076 4584 funditus
1099 4535 1119 4583 e
1143 4536 1255 4610 regno
1277 4512 1491 4611 pellerentur
1516 4513 1727 4613 Anglorum,
1751 4539 1848 4587 com·

431 4670 469 4694 ¹²¹
486 4671 546 4726 The
565 4688 673 4742 passage
695 4671 757 4725 here
769 4669 874 4725 alluded
892 4681 921 4724 to
934 4688 993 4743 may
1004 4673 1038 4726 be
1057 4689 1121 4726 seen
1140 4673 1167 4726 in
1182 4681 1200 4704 “
1211 4674 1357 4729 micula
1368 4674 1402 4729 de
1421 4684 1515 4730 natura
1529 4675 1697 4740 Animalium,
1711 4676 1730 4730 l.
1749 4676 1784 4730 iv.
1806 4679 1847 4738 12,

395 4756 440 4809 fol.
455 4757 505 4825 793
525 4756 586 4810 edit.
604 4755 674 4817 Aldi‚
687 4753 732 4809 t'ol.
749 4754 841 4818 venet,
859 4759 935 4809 1504.
1104 4756 1116 4787 a
1138 4757 1189 4812 See
1201 4759 1290 4830 Dugd.
1304 4759 1401 4813 Boron.
1415 4760 1432 4812 i.
1446 4762 1508 4822 tto,
1523 4759 1586 4814 who
1598 4770 1693 4832 quotes
1706 4760 1750 4815 M.
1763 4763 1847 4822 Paris,

397 4840 452 4894 also
469 4842 566 4904 Trivet,
581 4859 607 4912 p.
621 4844 683 4894 215.
791 4838 802 4863 ⁰
822 4838 895 4894 John
910 4840 1021 4911 compo,
1035 4839 1124 4895 fourth
1140 4841 1211 4897 Lord
1222 4842 1373 4906 Badenocb‚
1388 4842 1537 4914 commonly
1549 4843 1634 4899 ended
1644 4845 1692 4899 the
1707 4844 1765 4899 ned
1777 4842 1849 4897 John

400 4926 514 4995 Comym
533 4927 658 4998 Douglas’
672 4927 794 4996 Peerage,
807 4925 825 4979 i.
841 4927 905 4987 161,
932 4927 1029 4990 Trivet,
1043 4943 1070 4996 p.
1081 4928 1142 4979 215.
1281 4931 1287 4946 '
