4716 6428
647 711 715 790 172
755 663 757 668 ’
1007 688 1326 779 canonica
1359 701 1435 778 nn
1470 701 1756 778 Mamaos.
1861 703 1961 779 nn.
1993 711 2101 786 1245.

646 920 859 994 {herusalem
877 933 914 994 et
931 920 1072 994 Scicilie
1090 945 1163 1005 rex,
1181 918 1326 1019 prelatis
1343 915 1581 1003 ecclesiarum,
1599 915 1799 1003 comitibus,
1817 916 2023 1007 baronibus,
2039 945 2102 995 no·

646 1040 785 1126 bilibus,
799 1054 835 1114 et
849 1039 1014 1114 universis
1028 1066 1090 1140 per
1108 1064 1258 1140 regnum
1273 1037 1407 1144 Anglie
1420 1038 1628 1123 constitutis,
1642 1037 1771 1137 quibus
1785 1042 1975 1139 presentes
1986 1041 2102 1116 littere

543 1185 548 1199 ·
645 1160 780 1235 ostense
805 1162 947 1246 suerint,
974 1161 1122 1235 salutem
1150 1171 1186 1235 et
1212 1184 1318 1234 omne
1343 1159 1492 1250 bonum,
1542 1157 1641 1232 Etsi
1667 1160 1772 1232 cause
1795 1159 1911 1235 nostre
1929 1161 2102 1260 justitiam

646 1281 802 1381 uulgaris
819 1283 915 1355 same
932 1280 1177 1381 proloquium,
1192 1293 1228 1354 et
1245 1279 1423 1380 regiorum
1440 1278 1595 1352 veridica
1612 1277 1813 1353 testimonia
1828 1282 2037 1357 nunciorum
2055 1281 2103 1356 ad

646 1401 876 1476 universrtatis
893 1401 1005 1475 vestre
1022 1401 1191 1475 noticiam
1208 1397 1406 1499 perduxisse
1424 1398 1611 1473 credimus.
1665 1399 1762 1484 Quia
1778 1411 1898 1475 tamen

870 1644 1025 1742 Segnius
1042 1643 1180 1716 irritunt
1198 1641 1335 1716 animos
1352 1639 1488 1715 dimissa
1504 1664 1568 1739 per
1586 1663 1700 1726 aures,

871 1764 990 1848 Quam
1008 1789 1079 1861 que
1097 1764 1175 1836 sunt
1193 1761 1304 1836 oculis
1321 1759 1483 1859 subjedta
1500 1758 1680 1846 fidelibus;
1706 1760 1856 1859 ipsamhh

645 2031 768 2105 puram
787 2017 823 2080 et
848 2004 982 2078 nudam
1000 2003 1185 2078 veritatem
1210 2000 1401 2102 processus,
1419 2026 1528 2102 quem
1546 2012 1670 2076 contra
1686 2025 1752 2075 nos
1769 2003 1893 2078 summi
1917 2006 2100 2103 pontifices

645 2126 820 2201 haetenus
838 2124 1050 2210 habuerunt,
1068 2123 1183 2198 veslro
1206 2122 1412 2222 conspedtui
1438 2124 1702 2223 praesentamus.
1756 2120 1817 2198 Ad
1842 2124 2101 2224 inspeocionem

645 2247 840 2345 plenariam
858 2259 894 2320 et
918 2257 1092 2319 attentam
1110 2244 1155 2318 de
1178 2254 1232 2317 tot
1249 2242 1468 2342 temporibus
1486 2255 1522 2316 et
1540 2241 1666 2316 diebus
1683 2241 1804 2318 vestris
1821 2245 1975 2345 negotiis
1993 2247 2100 2347 depu-

645 2370 739 2452 tatis,
767 2392 876 2441 unum
903 2367 1076 2440 sufficiens
1105 2377 1246 2464 tempus
1276 2375 1312 2437 et
1344 2362 1439 2437 diem
1465 2363 1569 2438 nobis
1597 2363 1740 2438 affettio
1771 2364 1884 2439 vestra
1898 2370 1901 2375 '
1914 2369 2098 2442 concedat.

647 2490 730 2574 Quo
756 2486 781 2560 fi
806 2488 945 2561 licuerit
968 2485 1155 2586 diligenter
1182 2495 1304 2559 atento
1327 2483 1472 2559 confilia
1488 2484 1602 2558 vestra
1628 2484 1727 2559 redte
1754 2484 1986 2573 considerent,
2012 2488 2038 2563 si
2061 2490 2101 2564 srt

645 2611 680 2681 in
704 2607 930 2707 pontificibus
948 2606 1068 2680 vestris
1091 2604 1303 2703 pontificalis
1320 2605 1542 2680 rectitudinis
1559 2603 1713 2718 zeluszsi
1730 2605 1833 2680 nobis
1855 2618 1910 2681 tot
1933 2622 1971 2683 et
1993 2613 2101 2686 tantis

645 2730 779 2828 injuriis
802 2728 975 2811 lacessrtis‚
989 2725 1084 2826 justa
1108 2724 1270 2800 debuerit
1296 2751 1342 2799 an
1364 2724 1495 2800 debeat
1520 2725 1677 2800 defensio
1701 2726 1887 2827 denegari;
1912 2727 2100 2805 sidemum

648 2848 776 2923 Christi
795 2848 914 2921 vicarii
935 2846 1063 2920 Christi
1082 2846 1177 2922 vices
1199 2847 1432 2947 impleverint,
1450 2844 1476 2919 si
1493 2845 1752 2945 predecessoris
1771 2846 1866 2921 Petri
1889 2848 2100 2927 successores

644 2971 722 3067 ejus
748 2970 926 3043 imitentur
953 2967 1166 3066 exemplum.
1221 2966 1453 3042 Considerent
1479 2968 1587 3041 etiam
1611 2993 1683 3067 quo
1704 2967 1785 3067 jure
1808 2970 1942 3050 conseri
1969 2971 2100 3047 debeat

646 3091 783 3164 validus
810 3088 1010 3188 hujusmodi
1036 3087 1214 3186 processus
1240 3098 1364 3162 contra
1389 3113 1455 3162 nos
1480 3086 1636 3172 habitus,
1664 3087 1721 3161 vel
1743 3112 1815 3186 quo
1842 3092 1985 3165 nomine
2010 3117 2100 3167 nun·

646 3212 780 3311 cupari,
804 3209 829 3283 fi
855 3208 925 3283 dici
951 3209 1125 3283 sententia
1146 3207 1288 3293 debeat,
1312 3233 1422 3307 quarn
1443 3208 1556 3307 judex
1581 3208 1825 3308 incompetens
1850 3211 2098 3314 promulgavit.

647 3333 743 3407 Nam
770 3342 806 3404 et
831 3329 856 3403 fi
882 3355 959 3415 nos,
985 3329 1100 3404 nostre
1127 3327 1302 3403 catholice
1324 3327 1408 3402 fidei
1433 3329 1647 3429 suggerente
1671 3327 1805 3414 debito,
1828 3332 2100 3409 manifestiffime

645 3458 821 3528 fateamur
836 3479 857 3526 a
872 3452 1029 3526 Domino
1043 3450 1210 3524 collatam
1227 3449 1449 3524 sacrosandte
1464 3448 1626 3523 Romane
1640 3449 1732 3524 sedis
1745 3450 1889 3525 antistiti
1906 3454 2101 3552 plenariam

645 3579 681 3650 in
699 3573 936 3675 spiritualibus
953 3570 1177 3670 potestatem,
1194 3581 1536 3669 quantumcumque,
1554 3569 1652 3669 quod
1670 3567 1770 3656 absit,
1787 3569 1829 3644 sit
1846 3571 1905 3646 ille
1922 3589 2099 3673 peccator,

646 3709 685 3769 ut
706 3710 729 3740 “
741 3694 838 3793 quod
855 3692 1018 3793 ligaverit
1045 3693 1080 3764 in
1098 3704 1203 3775 terra,
1221 3688 1263 3763 sit
1279 3691 1430 3791 ligatum
1447 3690 1484 3763 in
1502 3689 1592 3774 celo,
1610 3701 1647 3763 et
1664 3690 1762 3789 quod
1780 3692 1917 3767 solverit
1941 3696 1977 3770 in
1995 3708 2098 3781 terra,

646 3819 686 3890 srt
703 3817 781 3890 celo
803 3815 953 3889 solutum
961 3816 995 3897 ;''
1023 3836 1205 3912 nunquam
1228 3823 1348 3885 tamen
1375 3811 1495 3886 divina
1519 3809 1581 3884 fibi
1599 3809 1656 3884 vel
1680 3810 1838 3886 humana
1862 3814 1944 3914 lege
1969 3816 2100 3916 legitur
2203 3872 2204 3875 ,

647 3935 845 4010 concessum
864 3934 961 4033 quod
979 3933 1164 4007 transferre
1182 3956 1246 4031 pro
1259 3929 1360 4005 libito
1378 3929 1479 4030 poffit
1495 3931 1655 4031 imperia,
1673 3943 1736 4006 aut
1749 3932 1794 4007 de
1811 3935 2098 4035 puniendistem-

647 4055 813 4155 poraliter
838 4056 874 4128 in
901 4053 1097 4153 privatione
1122 4076 1312 4152 regnorum
1338 4049 1483 4151 regibus
1500 4063 1562 4126 aut
1579 4063 1672 4126 terre
1697 4052 1911 4153 principibus
1923 4054 2097 4154 judicare.

650 4177 743 4249 Cum
761 4175 845 4248 licet
862 4174 908 4247 ad
926 4198 1019 4258 earn,
1033 4173 1077 4247 de
1091 4173 1172 4272 jure
1186 4185 1221 4246 et
1238 4197 1336 4246 more
1352 4171 1540 4270 majorum,
1554 4174 1770 4248 consecratio
1782 4172 1898 4248 nostra
1911 4177 2099 4274 pertineat,

647 4308 850 4370 nontamen
868 4295 983 4395 magis
997 4292 1043 4367 ad
1060 4294 1173 4393 ipsum
1190 4292 1340 4392 privatio
1354 4293 1415 4366 seu
1432 4293 1582 4367 remotio
1596 4292 1796 4392 pertinebit,
1809 4319 1918 4393 quam
1937 4295 1982 4369 ad
1996 4301 2098 4396 quos·

647 4418 734 4491 libet
757 4439 948 4515 regnorum
972 4414 1136 4513 praelatos
1154 4413 1215 4511 qui
1238 4437 1342 4512 reges
1359 4413 1451 4498 suos,
1469 4425 1508 4487 ut
1532 4412 1665 4499 assolet,
1684 4415 1888 4490 consecrant
1913 4430 1976 4490 aut
1998 4419 2098 4492 inun-

647 4550 747 4639 gunt.
802 4535 888 4610 Esto
906 4532 1002 4635 quod
1025 4533 1097 4608 sine
1120 4531 1325 4633 praejudicio
1352 4532 1468 4607 nostro
1486 4533 1583 4634 quod
1605 4534 1738 4610 habeat
1755 4536 1966 4636 potestatem
1983 4539 2099 4639 hujus-

647 4660 760 4743 modi;
795 4657 892 4732 estne
917 4656 1009 4732 istud
1035 4655 1080 4729 de
1106 4652 1326 4752 plenitudine
1350 4654 1534 4753 potestatis
1560 4653 1677 4754 ipsius,
1708 4657 1805 4755 quod
1835 4659 1932 4734 nullo
1963 4663 2100 4760 prorsus

1072 4907 1099 4937 ³¹⁶
1120 4907 1245 4961 Horatius
1256 4909 1288 4961 de
1298 4914 1354 4962 arse
1361 4912 1472 4977 poetica,
1487 4908 1513 4962 ll.
1531 4911 1589 4970 loo,
1607 4910 1665 4962 181.
