4716 6428
586 748 655 815 118
912 731 1231 810 CHRONICA
1264 731 1340 806 DE
1374 730 1665 808 MAILROS.
1819 732 1919 809 nl).
1942 738 2047 809 1215.

862 950 981 1025 Causa
999 960 1120 1023 tamen
1138 947 1323 1046 multiplex
1340 947 1428 1020 illud
1446 947 1627 1047 exigebat,

860 1070 959 1145 Nam
977 1094 1038 1142 rex
1055 1093 1172 1141 mores
1190 1069 1344 1166 optimos
1362 1068 1463 1167 regni
1481 1067 1717 1165 pervertebat,

860 1191 882 1264 J
886 1215 960 1274 ura,
978 1189 1100 1286 leges3
1127 1188 1284 1262 subditos
1302 1188 1400 1260 reae
1418 1212 1490 1259 non
1509 1187 1671 1287 regebat,

863 1309 1045 1407 Quicquid
1063 1320 1139 1381 erat
1157 1308 1328 1406 placitum
1346 1308 1520 1380 summum
1534 1307 1593 1404 jus
1612 1308 1801 1392 credeban

863 1429 1029 1528 Proprias
1046 1428 1234 1527 indigenas
1251 1428 1354 1500 nimis
1373 1427 1607 1525 deprimebat,

864 1549 1043 1623 Barbaros
1060 1548 1210 1621 rotarios
1228 1548 1295 1621 illis
1312 1547 1566 1645 praeponebat;

863 1669 1027 1743 Heredes
1043 1669 1223 1768 legitimos
1241 1667 1378 1740 obfides
1395 1667 1582 1765 perdebat,

864 1790 1026 1876 Quorum
1045 1788 1264 1862 adventicius
1283 1799 1393 1861 terras
1411 1787 1620 1885 posfidebat.

864 1909 975 2009 Regis
994 1910 1040 1982 ad
1059 1909 1275 2006 colloquium
1292 1907 1422 1980 milites
1440 1908 1551 1993 citati,

865 2030 983 2103 Caute
1000 2029 1062 2102 fibi
1080 2039 1292 2127 praecavent,
1311 2028 1457 2100 veniunt
1475 2030 1623 2114 armati;

863 2150 990 2224 Jurant
1008 2149 1220 2221 unanimiter
1233 2148 1310 2246 jam
1329 2149 1363 2221 se
1381 2147 1476 2221 nolle
1494 2149 1569 2246 pati

865 2269 1029 2367 Amplius
1046 2268 1268 2367 tyrannidem
1287 2268 1380 2367 regis
1399 2280 1473 2341 tam
1492 2269 1633 2368 ingrati.

864 2389 936 2464 Die
954 2388 1066 2487 primo
1085 2389 1230 2461 veniunt
1243 2388 1314 2486 juri
1333 2388 1491 2486 parituri,

865 2508 944 2582 Rex
962 2509 1081 2582 venire
1099 2507 1242 2592 distulit,
1260 2509 1385 2582 nolens
1402 2508 1493 2582 stare
1507 2509 1592 2607 juri,

867 2629 975 2703 Diem
993 2629 1093 2726 ponit
1112 2628 1261 2701 alterum
1280 2629 1448 2726 temporis
1465 2629 1587 2713 futuri,

868 2748 950 2823 Nec
968 2749 1074 2832 venit,
1094 2748 1154 2821 sed
1172 2748 1316 2820 veniunt
1334 2748 1446 2845 ipsum
1465 2748 1663 2823 coacturi*

865 2868 976 2968 Regis
995 2894 1081 2967 ergo
1100 2867 1277 2966 postulant
1296 2867 1562 2966 depositionem,

865 2987 976 3087 Legis
993 2986 1055 3060 nisi
1073 2989 1183 3061 saciat
1201 2987 1488 3061 emendationem

866 3108 1027 3192 Plenam,
1047 3119 1082 3180 et
1101 3107 1268 3181 exhibeat
1286 3119 1420 3181 certam
1438 3109 1655 3192 cantionem,

865 3228 970 3301 Pacis
989 3227 1034 3300 ad
1052 3239 1262 3325 perpetuam
1281 3230 1594 3302 conservationem.

864 3346 1087 3446 Humagium
1105 3347 1202 3445 quod
1219 3349 1380 3421 fecerant
1398 3348 1746 3448 reconsignaverunt,

864 3466 913 3541 Et
930 3467 1081 3541 barones
1099 3468 1250 3541 militum
1268 3469 1411 3542 causam
1430 3470 1667 3567 susceperunt,

865 3586 961 3661 Hinc
979 3588 1014 3660 in
1032 3589 1166 3686 septem
1186 3589 1280 3663 acies
1298 3590 1370 3662 sese
1390 3588 1594 3672 diviserunt,

813 3724 815 3728 '
866 3708 1009 3792 Terras,
1029 3707 1145 3793 urbes
1164 3709 1309 3805 praedia,
1328 3708 1514 3806 castraque
1532 3719 1715 3806 ceperunt.

866 3824 1006 3900 Horum
1024 3837 1134 3899 terras
1152 3828 1343 3925 complices
1361 3828 1456 3926 regis
1474 3827 1719 3912 vastaverunt;

865 3943 961 4017 Hinc
979 3958 1015 4017 et
1032 3945 1114 4018 binc
1132 3946 1393 4044 quamplurima
1411 3947 1506 4020 mala
1524 3960 1751 4047 peregerunt.

866 4062 915 4136 Et
933 4063 1016 4137 dum
1035 4063 1081 4137 fic
1100 4064 1237 4137 diucius
1254 4064 1316 4139 fibi
1335 4066 1561 4140 adversantur

865 4183 971 4256 Fiunt
990 4182 1179 4269 homicida,
1199 4186 1323 4258 census
1342 4185 1556 4284 dissipantur.

866 4300 986 4400 Leges
1004 4302 1149 4376 tandem
1167 4303 1328 4402 pristinas
1345 4305 1446 4405 regni
1464 4304 1637 4389 ficientes,

868 4421 942 4494 Sed
960 4422 995 4493 in
1014 4447 1136 4521 regem
1154 4425 1293 4498 mittere
1311 4450 1439 4499 manus
1455 4449 1526 4499 non
1544 4426 1716 4511 volentes,

866 4540 1033 4614 Formam
1051 4542 1149 4641 pacis
1168 4569 1363 4645 congruam
1381 4545 1472 4619 iuter
1490 4547 1525 4619 se
1544 4544 1742 4641 fecerunt,†

866 4658 914 4733 Et
933 4660 1089 4736 districte
1107 4664 1209 4763 super
1227 4665 1294 4738 hac
1312 4690 1435 4765 regem
1454 4676 1705 4741 convenerunt.

642 4918 660 4954 ⁴*
683 4916 713 4969 ln
725 4915 772 4970 the
785 4915 890 4986 margin,
908 4921 960 4968 “v.
974 4914 1033 4969 idus
1049 4915 1112 4986 Maij
1127 4916 1205 4988 [Maij
1221 4920 1267 4989 ll]
1280 4918 1315 4975 ad
1329 4917 1524 4975 Norhumtun.”
1644 4918 1705 4988 †ln
1717 4917 1764 4975 tbe
1776 4917 1884 4989 margin,
1901 4924 1919 4949 “
1931 4918 1984 4972 xiv.
1997 4915 2054 4972 kal·

591 5000 672 5053 endas
685 4997 746 5070 Julij
761 4999 837 5066 [Jun.
854 5001 899 5069 18]
913 4999 940 5054 in
953 5008 1029 5071 prato
1042 4999 1075 5055 de
1090 5000 1211 5056 Stenes.”
