4716 6428
412 705 496 810 ’111
772 731 1090 809 canonica
1123 732 1199 807 111
1233 729 1525 807 Mamaos.
1645 733 1877 812 111111.

426 946 554 1021 Christi
573 958 607 1018 et
626 945 739 1019 crucis
756 944 905 1045 gloriam
923 943 1103 1028 extollere,
1122 942 1325 1043 ubicunque
1342 943 1466 1018 sandta
1483 943 1631 1019 ecclesia
1647 944 1710 1020 fibi
1727 948 1879 1022 voluerit

423 1068 608 1165 imperare.
653 1062 849 1164 Episcopus
866 1090 950 1138 vero
966 1075 1182 1137 memoratus
1199 1063 1394 1138 devocione
1411 1089 1484 1164 qua
1501 1064 1621 1138 decuit
1638 1065 1688 1164 pii
1705 1067 1799 1166 regis
1816 1069 1877 1167 pia

423 1199 506 1260 vota
523 1186 692 1284 implevit,
710 1195 747 1259 et
763 1210 825 1259 rex
841 1185 1000 1284 protinus
1016 1184 1063 1257 de
1080 1183 1280 1258 infirmitate
1297 1185 1360 1257 sua
1377 1184 1538 1283 perfecte
1555 1186 1745 1259 convaluit.

475 1307 570 1379 Sane
596 1305 722 1380 eodem
748 1318 908 1403 ternpore
927 1304 1146 1389 Fredericus,
1170 1305 1360 1403 imperator
1384 1303 1660 1390 nefandissimus
1686 1305 1809 1381 audito
1824 1307 1875 1407 ¹de

423 1427 560 1525 praefati
584 1427 678 1525 regis
696 1424 895 1525 egritudine
913 1437 949 1499 et
967 1425 1080 1499 crucis
1095 1423 1304 1524 signatione,
1322 1423 1386 1499 sub
1408 1424 1554 1510 fraudis,
1573 1437 1612 1499 ut
1634 1425 1799 1512 creditur,
1823 1430 1876 1502 iu·

424 1548 600 1630 tencione,
618 1546 700 1620 istas
716 1546 886 1620 litteras⁰⁶
903 1545 1100 1631 destinavit.

474 1802 496 1833 “
518 1788 777 1872 Faenxnrcus,
799 1786 869 1860 Dei
891 1787 1018 1886 gratia,
1039 1783 1280 1859 Romanorum
1298 1786 1500 1884 imperator,
1523 1786 1659 1885 semper
1679 1787 1876 1887 Augustus,

427 1908 615 1983 Ierusalem
634 1922 670 1982 et
693 1907 833 1982 Scicilie
856 1931 928 1992 rex,
952 1905 1148 1991 Ludovico,
1167 1906 1242 1981 Dei
1266 1907 1382 2005 gratia
1405 1906 1525 1980 illustri
1547 1907 1623 2007 regi
1647 1906 1876 1993 Francorum,

423 2029 571 2102 salutern
599 2042 635 2103 et
662 2027 793 2102 smcere
823 2027 1024 2101 dilestionis
1051 2025 1231 2100 allodtum.
1285 2025 1451 2100 Pervenit
1473 2026 1520 2100 ad
1548 2027 1772 2102 audienciam
1798 2031 1876 2103 uos·

422 2161 513 2222 tram
539 2174 657 2223 rumor
682 2149 839 2232 infestus,
857 2173 975 2220 rumor
999 2145 1269 2220 amaritudinem
1294 2147 1478 2232 nuncians,
1497 2147 1558 2246 qui
1583 2149 1768 2247 personam
1785 2150 1877 2249 regi·

424 2296 494 2354 am,
512 2271 713 2368 requirente
731 2270 845 2343 carnis
863 2269 1069 2368 fragilitate,
1093 2267 1367 2366 ingravescentis
1384 2267 1592 2366 egritudinis
1609 2267 1746 2366 lapsum
1762 2294 1877 2368 nuper

424 2390 567 2463 edocuit
594 2389 781 2463 incurrisse.
842 2388 1026 2462 Convertit
1053 2399 1173 2461 tamen
1201 2388 1365 2485 querelas
1394 2386 1529 2461 nostras
1559 2388 1595 2461 11
1625 2388 1809 2488 gaudium,
1840 2404 1876 2463 et

375 2525 377 2529 ’
422 2510 635 2610 [1111111111
653 2509 783 2582 doloris
800 2503 974 2582 intrinseci
991 2507 1166 2581 transtulit
1186 2507 1222 2580 in
1245 2508 1434 2592 medelam,
1453 2510 1628 2607 resumpto
1652 2509 1875 2608 postmodum

423 2631 580 2704 sanitatis
598 2629 751 2713 auditus,
775 2654 847 2728 qua
864 2654 927 2702 vos
945 2628 1077 2702 Divine
1100 2628 1264 2726 potencie
1288 2628 1435 2702 dextera
1458 2653 1530 2726 que
1552 2627 1822 2703 misericorditer
1839 2641 1874 2703 et

423 2750 596 2834 medetur,
620 2748 717 2847 quasi
741 2775 763 2822 1
786 2749 908 2822 mortis
925 2748 1046 2846 januis
1071 2745 1333 2821 clementissime
1357 2746 1531 2821 liberavit.
1586 2747 1687 2822 ldem
1709 2749 1873 2848 profesto

423 2869 633 2944 visitacionis
646 2893 771 2968 genus,
785 2870 859 2967 ipsa
877 2892 992 2941 rerum
1006 2878 1042 2941 et
1059 2867 1227 2966 temporis
1239 2866 1491 2941 necessitudine
1508 2869 1719 2967 requirente,
1734 2867 1779 2945 de
1797 2894 1875 2968 pro·

423 2990 534 3063 fundo
552 2988 772 3063 consiliorum
788 2988 932 3062 Domini
950 3001 1024 3061 tam
1042 2986 1169 3062 salubri
1183 3013 1292 3088 quam
1308 2987 1501 3062 necessaria
1514 2989 1708 3088 provisione
1721 2988 1876 3065 creditur

423 3109 628 3208 provenisse,
652 3122 828 3210 quatenus
845 3108 1051 3193 infidelium,
1075 3133 1138 3206 pro
1162 3108 1279 3183 dolor!
1306 3108 1574 3184 recrudescente
1597 3111 1775 3210 nequicia,
1792 3109 1875 3185 fidei

423 3230 538 3304 nostre
562 3231 659 3304 varia
681 3230 810 3331 strage,
838 3229 995 3303 fidelium
1019 3229 1179 3303 doloroso
1202 3229 1385 3328 dispendio
1410 3230 1579 3329 irrogato,
1604 3230 1735 3305 Divino
1759 3231 1876 3305 111611

424 3363 620 3425 commotus
638 3376 750 3425 novus
767 3350 866 3451 pugil
884 3350 1090 3449 insurgeret,
1104 3361 1140 3424 et
1158 3374 1338 3424 enormem
1355 3350 1519 3449 injuriam
1539 3351 1612 3425 Dei
1630 3351 1736 3425 nostri
1750 3353 1877 3427 vexillo

424 3473 536 3545 crucis
554 3471 739 3571 assumpto,
763 3497 834 3572 que
852 3472 930 3569 jam
946 3470 1157 3570 potiffimum
1174 3470 1257 3545 fidei
1281 3469 1397 3544 nostre
1420 3470 1526 3545 restat
1545 3472 1724 3558 auxilium,
1744 3473 1878 3547 athleta

365 3583 366 3587 ¹
426 3592 639 3666 Dominicus
656 3593 833 3693 satageret
850 3590 1040 3665 vindicare.
1095 3589 1214 3689 Hujus
1231 3591 1364 3690 quippe
1382 3592 1515 3665 causati
1539 3593 1774 3670 commoditas
1793 3620 1876 3669 cau-

425 3715 497 3785 sam
520 3712 730 3786 infirmitatis
747 3712 986 3811 praenunciam
1010 3712 1136 3784 merito
1154 3711 1326 3784 convertit
1346 3711 1382 3784 11
1400 3712 1584 3810 gaudium,
1602 3738 1684 3787 curn
1702 3739 1746 3788 ex
1763 3740 1808 3788 eo
1826 3715 1876 3788 in·

425 3832 612 3905 commodo
630 3831 843 3930 praecedenti
867 3831 1044 3929 sequentis
1064 3830 1202 3905 fruetus
1219 3831 1447 3906 commodum
1469 3832 1653 3932 multiplex
1677 3835 1874 3935 colligatur.

428 3951 615 4025 Generalis
643 3953 767 4050 primo,
795 3951 892 4052 quod
915 3975 959 4024 ex
983 3950 1077 4023 felici
1100 3949 1244 4023 transitu
1271 3950 1371 4051 regio
1395 3952 1441 4024 ad
1469 3953 1620 4051 patriam
1649 3953 1806 4038 Domini,
1831 3954 1877 4028 de

425 4069 553 4169 gladiis
570 4070 720 4144 hostium
737 4071 868 4145 viribus
888 4069 1036 4144 Gallicis
1054 4069 1259 4156 eruendam,
1277 4070 1491 4146 Saraceuica
1508 4075 1680 4171 pravitate
1698 4073 1878 4149 destructa

425 4189 507 4263 fidei
531 4191 645 4265 nostre
669 4192 879 4266 detrimento
908 4190 1109 4274 consulitur,
1131 4189 1244 4265 honor
1272 4192 1454 4278 excolitur,
1478 4193 1513 4265 11
1537 4219 1610 4292 quo
1637 4203 1703 4269 vos'
1718 4193 1882 4268 mirificar

477 4445 498 4475 “
519 4430 581 4506 An
606 4431 811 4530 Apostolice
836 4431 1018 4531 dignitatis
1048 4432 1199 4530 apicem,
1224 4431 1309 4505 licet
1334 4432 1483 4532 indigni,
1510 4434 1717 4534 dignatione
1747 4435 1878 4509 Divina
1919 4457 2024 4515 11141.

427 4552 577 4636 assumti,
595 4553 751 4626 omnium
768 4550 1044 4626 Christianorum
1062 4577 1183 4626 curam
1196 4551 1293 4651 vigili
1311 4551 1504 4652 sedulaque
1521 4553 1679 4629 sollercia
1696 4581 1739 4629 ac
1757 4556 1877 4630 intime

427 4672 713 4747 considerationis
736 4673 839 4746 oculo
861 4670 1075 4772 singulorum
1098 4671 1294 4746 discernere
1316 4673 1454 4758 merita,
1478 4686 1514 4747 et
1537 4675 1682 4772 provide
1705 4676 1877 4751 delibera-

427 4795 532 4868 tionis
549 4793 678 4867 statera
694 4791 822 4866 librare
839 4791 1023 4878 debemus,
1047 4803 1086 4866 ut
1109 4817 1199 4892 quos
1211 4792 1295 4891 justi
1312 4793 1413 4893 vigor
1431 4795 1601 4869 examinis
1619 4796 1747 4897 dignos
1764 4797 1877 4872 osten·

474 4989 498 5012 ‘⁸
520 4988 586 5043 This
598 4990 676 5044 letter
687 4989 709 5043 11
721 4998 770 5043 not
781 4998 901 5060 amongst
912 4991 959 5045 the
972 4998 991 5021 ⁴⁸
1002 4990 1116 5060 Epistolr'
1129 4990 1202 5042 Petri
1212 4990 1244 5042 de
1257 4990 1366 5043 Μεθ’
1401 4993 1463 5054 evo,
1480 4991 1557 5049 1740.
1684 4990 1694 5021 ¹
1715 4991 1775 5046 The
1787 5008 1879 5046 mauu-

427 5073 508 5143 script
520 5073 583 5128 here
595 5073 689 5129 breaks
701 5074 743 5129 oss
749 5073 879 5146 abruptly,
893 5072 953 5128 sour
963 5073 1030 5128 lines
1042 5072 1096 5128 aud
1107 5091 1124 5128 a
1135 5072 1195 5128 hals
1202 5073 1279 5143 being
1289 5072 1338 5128 lest
1350 5083 1446 5129 vacant
1457 5084 1486 5129 at
1497 5073 1544 5130 the
1555 5075 1657 5130 bottom
1671 5074 1703 5131 os
1710 5094 1726 5130 11
1737 5093 1812 5148 page.
