<?xml version="1.0" encoding="UTF-8"?>
<!DOCTYPE html PUBLIC "-//W3C//DTD XHTML 1.0 Transitional//EN"
    "http://www.w3.org/TR/xhtml1/DTD/xhtml1-transitional.dtd">
<html xmlns="http://www.w3.org/1999/xhtml" xml:lang="en" lang="en">
 <head>
  <title>
</title>
<meta http-equiv="Content-Type" content="text/html;charset=utf-8" />
  <meta name='ocr-system' content='tesseract 3.04.00' />
  <meta name='ocr-capabilities' content='ocr_page ocr_carea ocr_par ocr_line ocrx_word'/>
</head>
<body>
  <div class='ocr_page' id='page_1' title='image "./chronicademailr00stevgoog_0145.png"; bbox 0 0 4716 6428; ppageno 0'>
   <div class='ocr_carea' id='block_1_1' title="bbox 449 640 2052 767">
    <p class='ocr_par' dir='ltr' id='par_1_1' title="bbox 449 640 2052 767">
     <span class='ocr_line' id='line_1_1' title="bbox 449 640 2052 767; baseline 0 -1"><span class='ocrx_word' id='word_1_1' title='bbox 449 640 458 655; x_wconf 53' lang='lat'>⁸</span> <span class='ocrx_word' id='word_1_2' title='bbox 593 700 662 767; x_wconf 88' lang='lat' dir='ltr'><strong>no</strong></span> <span class='ocrx_word' id='word_1_3' title='bbox 933 650 1251 765; x_wconf 81' lang='lat' dir='ltr'><strong>onaosucx</strong></span> <span class='ocrx_word' id='word_1_4' title='bbox 1284 688 1361 764; x_wconf 83' lang='lat' dir='ltr'><strong>nn</strong></span> <span class='ocrx_word' id='word_1_5' title='bbox 1398 687 1689 763; x_wconf 81' lang='lat' dir='ltr'><strong>Mxrnnos.</strong></span> <span class='ocrx_word' id='word_1_6' title='bbox 1811 690 1912 765; x_wconf 71' lang='lat' dir='ltr'><strong>nn.</strong></span> <span class='ocrx_word' id='word_1_7' title='bbox 1944 698 2052 766; x_wconf 83' lang='lat'><strong>1210.</strong></span> 
     </span>
    </p>
   </div>
   <div class='ocr_carea' id='block_1_2' title="bbox 507 901 2057 4613">
    <p class='ocr_par' dir='ltr' id='par_1_2' title="bbox 507 901 2057 3530">
     <span class='ocr_line' id='line_1_2' title="bbox 592 901 2053 1008; baseline 0.001 -29"><span class='ocrx_word' id='word_1_8' title='bbox 592 920 723 981; x_wconf 88' lang='lat' dir='ltr'><strong>trorum</strong></span> <span class='ocrx_word' id='word_1_9' title='bbox 748 904 911 988; x_wconf 87' lang='lat' dir='ltr'><strong>civitatis,</strong></span> <span class='ocrx_word' id='word_1_10' title='bbox 939 903 1131 976; x_wconf 91' lang='lat' dir='ltr'><strong>maximum</strong></span> <span class='ocrx_word' id='word_1_11' title='bbox 1160 901 1292 976; x_wconf 82' lang='lat' dir='ltr'>ibidem</span> <span class='ocrx_word' id='word_1_12' title='bbox 1320 901 1538 976; x_wconf 84' lang='lat' dir='ltr'><strong>celebratum</strong></span> <span class='ocrx_word' id='word_1_13' title='bbox 1569 902 1620 976; x_wconf 86' lang='lat' dir='ltr'><strong>est</strong></span> <span class='ocrx_word' id='word_1_14' title='bbox 1647 904 1850 990; x_wconf 91' lang='lat' dir='ltr'><strong>concilium,</strong></span> <span class='ocrx_word' id='word_1_15' title='bbox 1874 908 2053 1008; x_wconf 87' lang='lat' dir='ltr'><strong>praecipue</strong></span> 
     </span>
     <span class='ocr_line' id='line_1_3' title="bbox 551 1020 2056 1124; baseline 0.004 -27"><span class='ocrx_word' id='word_1_16' title='bbox 551 1088 563 1097; x_wconf 91' lang='lat'><strong>.</strong></span> <span class='ocrx_word' id='word_1_17' title='bbox 592 1038 715 1101; x_wconf 90' lang='lat' dir='ltr'><strong>contra</strong></span> <span class='ocrx_word' id='word_1_18' title='bbox 736 1023 994 1124; x_wconf 85' lang='lat' dir='ltr'><strong>supersticiosos</strong></span> <span class='ocrx_word' id='word_1_19' title='bbox 1015 1023 1202 1108; x_wconf 91' lang='lat' dir='ltr'><strong>hereticos,</strong></span> <span class='ocrx_word' id='word_1_20' title='bbox 1224 1023 1285 1121; x_wconf 90' lang='lat' dir='ltr'><strong>qui</strong></span> <span class='ocrx_word' id='word_1_21' title='bbox 1306 1034 1343 1097; x_wconf 88' lang='lat' dir='ltr'><strong>et</strong></span> <span class='ocrx_word' id='word_1_22' title='bbox 1367 1022 1492 1096; x_wconf 91' lang='lat' dir='ltr'><strong>domos</strong></span> <span class='ocrx_word' id='word_1_23' title='bbox 1509 1020 1695 1097; x_wconf 93' lang='lat' dir='ltr'><strong>viduarum</strong></span> <span class='ocrx_word' id='word_1_24' title='bbox 1713 1037 1997 1123; x_wconf 80' lang='lat' dir='ltr'><strong>penetraverant,</strong></span> <span class='ocrx_word' id='word_1_25' title='bbox 2019 1042 2056 1103; x_wconf 88' lang='lat' dir='ltr'><strong>et</strong></span> 
     </span>
     <span class='ocr_line' id='line_1_4' title="bbox 591 1143 2056 1247; baseline 0.001 -26"><span class='ocrx_word' id='word_1_26' title='bbox 591 1149 781 1223; x_wconf 84' lang='lat' dir='ltr'><strong>maximam</strong></span> <span class='ocrx_word' id='word_1_27' title='bbox 799 1147 1029 1219; x_wconf 83' lang='lat' dir='ltr'><strong>innocentum</strong></span> <span class='ocrx_word' id='word_1_28' title='bbox 1043 1144 1307 1217; x_wconf 87' lang='lat' dir='ltr'><strong>multitudinem</strong></span> <span class='ocrx_word' id='word_1_29' title='bbox 1318 1144 1453 1217; x_wconf 89' lang='lat' dir='ltr'><strong>sacram</strong></span> <span class='ocrx_word' id='word_1_30' title='bbox 1469 1143 1688 1243; x_wconf 86' lang='lat' dir='ltr'><strong>Scripturam</strong></span> <span class='ocrx_word' id='word_1_31' title='bbox 1702 1143 1837 1219; x_wconf 88' lang='lat' dir='ltr'><strong>sinistra</strong></span> <span class='ocrx_word' id='word_1_32' title='bbox 1849 1147 2056 1247; x_wconf 85' lang='lat' dir='ltr'><strong>interpreta-</strong></span> 
     </span>
     <span class='ocr_line' id='line_1_5' title="bbox 592 1263 2057 1364; baseline 0.001 -23"><span class='ocrx_word' id='word_1_33' title='bbox 592 1272 688 1343; x_wconf 90' lang='lat' dir='ltr'><strong>tione</strong></span> <span class='ocrx_word' id='word_1_34' title='bbox 706 1267 869 1342; x_wconf 90' lang='lat' dir='ltr'><strong>docendo</strong></span> <span class='ocrx_word' id='word_1_35' title='bbox 887 1265 1038 1339; x_wconf 89' lang='lat' dir='ltr'><strong>latenter</strong></span> <span class='ocrx_word' id='word_1_36' title='bbox 1056 1263 1278 1348; x_wconf 84' lang='lat' dir='ltr'><strong>seduxerant,</strong></span> <span class='ocrx_word' id='word_1_37' title='bbox 1293 1288 1444 1361; x_wconf 92' lang='lat' dir='ltr'><strong>quorum</strong></span> <span class='ocrx_word' id='word_1_38' title='bbox 1463 1288 1598 1338; x_wconf 89' lang='lat' dir='ltr'><strong>errores</strong></span> <span class='ocrx_word' id='word_1_39' title='bbox 1616 1263 1696 1364; x_wconf 91' lang='lat' dir='ltr'><strong>plus</strong></span> <span class='ocrx_word' id='word_1_40' title='bbox 1713 1265 1857 1364; x_wconf 90' lang='lat' dir='ltr'><strong>expedit</strong></span> <span class='ocrx_word' id='word_1_41' title='bbox 1875 1268 2057 1343; x_wconf 90' lang='lat' dir='ltr'><strong>reticendo</strong></span> 
     </span>
     <span class='ocr_line' id='line_1_6' title="bbox 591 1382 2056 1488; baseline 0 -25"><span class='ocrx_word' id='word_1_42' title='bbox 591 1390 711 1463; x_wconf 88' lang='lat' dir='ltr'><strong>dolere</strong></span> <span class='ocrx_word' id='word_1_43' title='bbox 730 1412 839 1486; x_wconf 88' lang='lat' dir='ltr'><strong>quam</strong></span> <span class='ocrx_word' id='word_1_44' title='bbox 862 1385 1043 1459; x_wconf 77' lang='lat' dir='ltr'><strong>recitando</strong></span> <span class='ocrx_word' id='word_1_45' title='bbox 1061 1384 1202 1458; x_wconf 85' lang='lat' dir='ltr'><strong>docere.</strong></span> <span class='ocrx_word' id='word_1_46' title='bbox 1258 1384 1330 1469; x_wconf 89' lang='lat' dir='ltr'><strong>Qui</strong></span> <span class='ocrx_word' id='word_1_47' title='bbox 1357 1383 1393 1457; x_wconf 94' lang='lat' dir='ltr'><strong>in</strong></span> <span class='ocrx_word' id='word_1_48' title='bbox 1412 1382 1539 1458; x_wconf 85' lang='lat' dir='ltr'><strong>eodem</strong></span> <span class='ocrx_word' id='word_1_49' title='bbox 1558 1385 1709 1458; x_wconf 89' lang='lat' dir='ltr'><strong>concilio</strong></span> <span class='ocrx_word' id='word_1_50' title='bbox 1727 1385 1772 1459; x_wconf 91' lang='lat' dir='ltr'><strong>de</strong></span> <span class='ocrx_word' id='word_1_51' title='bbox 1795 1385 1954 1462; x_wconf 88' lang='lat' dir='ltr'><strong>heretica</strong></span> <span class='ocrx_word' id='word_1_52' title='bbox 1976 1414 2056 1488; x_wconf 94' lang='lat' dir='ltr'><strong>pra·</strong></span> 
     </span>
     <span class='ocr_line' id='line_1_7' title="bbox 590 1503 2056 1607; baseline 0.001 -25"><span class='ocrx_word' id='word_1_53' title='bbox 590 1512 700 1583; x_wconf 85' lang='lat' dir='ltr'><strong>vitate</strong></span> <span class='ocrx_word' id='word_1_54' title='bbox 714 1506 868 1582; x_wconf 68' lang='lat' dir='ltr'><strong>convicti</strong></span> <span class='ocrx_word' id='word_1_55' title='bbox 894 1507 984 1589; x_wconf 89' lang='lat' dir='ltr'><strong>sunt,</strong></span> <span class='ocrx_word' id='word_1_56' title='bbox 1012 1517 1047 1579; x_wconf 87' lang='lat' dir='ltr'><strong>et</strong></span> <span class='ocrx_word' id='word_1_57' title='bbox 1074 1504 1119 1578; x_wconf 87' lang='lat' dir='ltr'><strong>de</strong></span> <span class='ocrx_word' id='word_1_58' title='bbox 1145 1503 1303 1579; x_wconf 87' lang='lat' dir='ltr'><strong>nefanda</strong></span> <span class='ocrx_word' id='word_1_59' title='bbox 1329 1503 1427 1577; x_wconf 76' lang='lat' dir='ltr'><strong>secta</strong></span> <span class='ocrx_word' id='word_1_60' title='bbox 1457 1504 1614 1604; x_wconf 86' lang='lat' dir='ltr'><strong>magistri</strong></span> <span class='ocrx_word' id='word_1_61' title='bbox 1643 1504 1823 1591; x_wconf 86' lang='lat' dir='ltr'><strong>Amauri,⁰</strong></span> <span class='ocrx_word' id='word_1_62' title='bbox 1850 1507 1952 1607; x_wconf 89' lang='lat' dir='ltr'><strong>cujus</strong></span> <span class='ocrx_word' id='word_1_63' title='bbox 1981 1509 2056 1583; x_wconf 88' lang='lat' dir='ltr'><strong>ossa</strong></span> 
     </span>
     <span class='ocr_line' id='line_1_8' title="bbox 591 1623 2054 1714; baseline 0.001 -13"><span class='ocrx_word' id='word_1_64' title='bbox 591 1629 723 1703; x_wconf 90' lang='lat' dir='ltr'><strong>ibidem</strong></span> <span class='ocrx_word' id='word_1_65' title='bbox 750 1625 975 1701; x_wconf 89' lang='lat' dir='ltr'><strong>audientibus</strong></span> <span class='ocrx_word' id='word_1_66' title='bbox 993 1625 1158 1699; x_wconf 91' lang='lat' dir='ltr'><strong>omnibus</strong></span> <span class='ocrx_word' id='word_1_67' title='bbox 1181 1638 1218 1699; x_wconf 90' lang='lat' dir='ltr'><strong>et</strong></span> <span class='ocrx_word' id='word_1_68' title='bbox 1235 1623 1436 1699; x_wconf 89' lang='lat' dir='ltr'><strong>videntibus</strong></span> <span class='ocrx_word' id='word_1_69' title='bbox 1457 1635 1497 1698; x_wconf 92' lang='lat' dir='ltr'><strong>ut</strong></span> <span class='ocrx_word' id='word_1_70' title='bbox 1520 1626 1629 1699; x_wconf 89' lang='lat' dir='ltr'><strong>ceteri</strong></span> <span class='ocrx_word' id='word_1_71' title='bbox 1655 1638 1790 1701; x_wconf 90' lang='lat' dir='ltr'><strong>metum</strong></span> <span class='ocrx_word' id='word_1_72' title='bbox 1816 1626 1985 1714; x_wconf 88' lang='lat' dir='ltr'><strong>habeant,</strong></span> <span class='ocrx_word' id='word_1_73' title='bbox 2007 1629 2054 1704; x_wconf 90' lang='lat' dir='ltr'><strong>ab</strong></span> 
     </span>
     <span class='ocr_line' id='line_1_9' title="bbox 592 1745 2055 1845; baseline 0 -23"><span class='ocrx_word' id='word_1_74' title='bbox 592 1748 756 1823; x_wconf 90' lang='lat' dir='ltr'><strong>omnibus</strong></span> <span class='ocrx_word' id='word_1_75' title='bbox 774 1746 1045 1845; x_wconf 86' lang='lat' dir='ltr'><strong>archiepiscopis</strong></span> <span class='ocrx_word' id='word_1_76' title='bbox 1069 1757 1105 1819; x_wconf 89' lang='lat' dir='ltr'><strong>et</strong></span> <span class='ocrx_word' id='word_1_77' title='bbox 1128 1745 1302 1845; x_wconf 93' lang='lat' dir='ltr'><strong>episcopis</strong></span> <span class='ocrx_word' id='word_1_78' title='bbox 1328 1745 1648 1830; x_wconf 86' lang='lat' dir='ltr'><strong>excommunicata,</strong></span> <span class='ocrx_word' id='word_1_79' title='bbox 1673 1758 1773 1820; x_wconf 87' lang='lat' dir='ltr'><strong>extra</strong></span> <span class='ocrx_word' id='word_1_80' title='bbox 1798 1748 1934 1822; x_wconf 88' lang='lat' dir='ltr'><strong>sacrum</strong></span> <span class='ocrx_word' id='word_1_81' title='bbox 1957 1749 2055 1822; x_wconf 92' lang='lat' dir='ltr'><strong>cimi-</strong></span> 
     </span>
     <span class='ocr_line' id='line_1_10' title="bbox 591 1863 2053 1968; baseline -0.001 -25"><span class='ocrx_word' id='word_1_82' title='bbox 591 1871 718 1943; x_wconf 90' lang='lat' dir='ltr'><strong>terium</strong></span> <span class='ocrx_word' id='word_1_83' title='bbox 741 1867 865 1968; x_wconf 88' lang='lat' dir='ltr'><strong>projici</strong></span> <span class='ocrx_word' id='word_1_84' title='bbox 887 1865 1074 1963; x_wconf 92' lang='lat' dir='ltr'><strong>jubentur;</strong></span> <span class='ocrx_word' id='word_1_85' title='bbox 1106 1876 1142 1939; x_wconf 92' lang='lat' dir='ltr'><strong>et</strong></span> <span class='ocrx_word' id='word_1_86' title='bbox 1165 1863 1227 1964; x_wconf 93' lang='lat' dir='ltr'><strong>ipsr</strong></span> <span class='ocrx_word' id='word_1_87' title='bbox 1253 1864 1413 1949; x_wconf 87' lang='lat' dir='ltr'><strong>heretici,</strong></span> <span class='ocrx_word' id='word_1_88' title='bbox 1431 1890 1487 1938; x_wconf 94' lang='lat' dir='ltr'><strong>xv.</strong></span> <span class='ocrx_word' id='word_1_89' title='bbox 1512 1864 1639 1941; x_wconf 91' lang='lat' dir='ltr'><strong>diebus</strong></span> <span class='ocrx_word' id='word_1_90' title='bbox 1667 1876 1751 1940; x_wconf 91' lang='lat' dir='ltr'><strong>ante</strong></span> <span class='ocrx_word' id='word_1_91' title='bbox 1774 1867 1894 1944; x_wconf 83' lang='lat' dir='ltr'><strong>natale</strong></span> <span class='ocrx_word' id='word_1_92' title='bbox 1918 1868 2053 1943; x_wconf 91' lang='lat' dir='ltr'><strong>domini</strong></span> 
     </span>
     <span class='ocr_line' id='line_1_11' title="bbox 594 1983 2056 2089; baseline 0 -26"><span class='ocrx_word' id='word_1_93' title='bbox 594 1989 704 2087; x_wconf 89' lang='lat' dir='ltr'><strong>[Dec.</strong></span> <span class='ocrx_word' id='word_1_94' title='bbox 728 1988 804 2087; x_wconf 88' lang='grc'>10],</span> <span class='ocrx_word' id='word_1_95' title='bbox 822 1988 858 2061; x_wconf 87' lang='lat' dir='ltr'><strong>in</strong></span> <span class='ocrx_word' id='word_1_96' title='bbox 877 1986 1012 2084; x_wconf 91' lang='lat' dir='ltr'><strong>campis</strong></span> <span class='ocrx_word' id='word_1_97' title='bbox 1025 1986 1131 2084; x_wconf 88' lang='lat' dir='ltr'><strong>juxta</strong></span> <span class='ocrx_word' id='word_1_98' title='bbox 1149 1984 1325 2084; x_wconf 88' lang='lat' dir='ltr'><strong>capellam</strong></span> <span class='ocrx_word' id='word_1_99' title='bbox 1339 1985 1450 2058; x_wconf 64' lang='lat' dir='ltr'><strong>sensti</strong></span> <span class='ocrx_word' id='word_1_100' title='bbox 1467 1983 1644 2061; x_wconf 86' lang='lat' dir='ltr'><strong>Honorati</strong></span> <span class='ocrx_word' id='word_1_101' title='bbox 1658 2013 1779 2062; x_wconf 89' lang='lat' dir='ltr'><strong>coram</strong></span> <span class='ocrx_word' id='word_1_102' title='bbox 1804 1989 1901 2062; x_wconf 90' lang='lat' dir='ltr'><strong>omni</strong></span> <span class='ocrx_word' id='word_1_103' title='bbox 1922 1989 2056 2089; x_wconf 88' lang='lat' dir='ltr'><strong>populo</strong></span> 
     </span>
     <span class='ocr_line' id='line_1_12' title="bbox 590 2105 2055 2209; baseline 0.002 -27"><span class='ocrx_word' id='word_1_104' title='bbox 590 2112 669 2182; x_wconf 93' lang='lat' dir='ltr'><strong>sunt</strong></span> <span class='ocrx_word' id='word_1_105' title='bbox 687 2105 885 2208; x_wconf 83' lang='lat' dir='ltr'><strong>degradati,</strong></span> <span class='ocrx_word' id='word_1_106' title='bbox 904 2118 940 2181; x_wconf 87' lang='lat' dir='ltr'><strong>ot</strong></span> <span class='ocrx_word' id='word_1_107' title='bbox 962 2106 1134 2180; x_wconf 89' lang='lat' dir='ltr'><strong>laicorum</strong></span> <span class='ocrx_word' id='word_1_108' title='bbox 1152 2105 1310 2179; x_wconf 88' lang='lat' dir='ltr'><strong>custodie</strong></span> <span class='ocrx_word' id='word_1_109' title='bbox 1327 2106 1534 2206; x_wconf 88' lang='lat' dir='ltr'><strong>mancipati,</strong></span> <span class='ocrx_word' id='word_1_110' title='bbox 1552 2107 1614 2206; x_wconf 92' lang='lat' dir='ltr'><strong>qui</strong></span> <span class='ocrx_word' id='word_1_111' title='bbox 1633 2120 1669 2182; x_wconf 91' lang='lat' dir='ltr'><strong>et</strong></span> <span class='ocrx_word' id='word_1_112' title='bbox 1693 2109 1772 2208; x_wconf 87' lang='lat' dir='ltr'><strong>post</strong></span> <span class='ocrx_word' id='word_1_113' title='bbox 1788 2109 1944 2183; x_wconf 91' lang='lat' dir='ltr'><strong>triduum</strong></span> <span class='ocrx_word' id='word_1_114' title='bbox 1967 2135 2055 2209; x_wconf 89' lang='lat' dir='ltr'><strong>prae·</strong></span> 
     </span>
     <span class='ocr_line' id='line_1_13' title="bbox 591 2226 2055 2328; baseline 0.001 -25"><span class='ocrx_word' id='word_1_115' title='bbox 591 2242 695 2328; x_wconf 89' lang='lat' dir='ltr'><strong>cepto</strong></span> <span class='ocrx_word' id='word_1_116' title='bbox 714 2228 847 2301; x_wconf 91' lang='lat' dir='ltr'><strong>domini</strong></span> <span class='ocrx_word' id='word_1_117' title='bbox 866 2227 960 2327; x_wconf 87' lang='lat' dir='ltr'><strong>regis</strong></span> <span class='ocrx_word' id='word_1_118' title='bbox 978 2227 1063 2326; x_wconf 85' lang='lat' dir='ltr'><strong>igne</strong></span> <span class='ocrx_word' id='word_1_119' title='bbox 1081 2226 1255 2299; x_wconf 87' lang='lat' dir='ltr'><strong>consumti</strong></span> <span class='ocrx_word' id='word_1_120' title='bbox 1279 2228 1369 2300; x_wconf 89' lang='lat' dir='ltr'><strong>sunt.</strong></span> <span class='ocrx_word' id='word_1_121' title='bbox 1425 2226 1496 2311; x_wconf 89' lang='lat' dir='ltr'><strong>Qui</strong></span> <span class='ocrx_word' id='word_1_122' title='bbox 1514 2238 1616 2300; x_wconf 87' lang='lat' dir='ltr'><strong>tanta</strong></span> <span class='ocrx_word' id='word_1_123' title='bbox 1633 2229 1884 2326; x_wconf 88' lang='lat' dir='ltr'><strong>pertinacitate</strong></span> <span class='ocrx_word' id='word_1_124' title='bbox 1901 2228 2055 2305; x_wconf 90' lang='lat' dir='ltr'><strong>obduru-</strong></span> 
     </span>
     <span class='ocr_line' id='line_1_14' title="bbox 507 2347 2055 2449; baseline 0.001 -24"><span class='ocrx_word' id='word_1_125' title='bbox 507 2364 522 2395; x_wconf 70' lang='lat'>⁸</span> <span class='ocrx_word' id='word_1_126' title='bbox 591 2362 693 2425; x_wconf 91' lang='lat' dir='ltr'><strong>erunt</strong></span> <span class='ocrx_word' id='word_1_127' title='bbox 716 2348 814 2448; x_wconf 92' lang='lat' dir='ltr'><strong>quod</strong></span> <span class='ocrx_word' id='word_1_128' title='bbox 838 2373 906 2423; x_wconf 92' lang='lat' dir='ltr'><strong>nec</strong></span> <span class='ocrx_word' id='word_1_129' title='bbox 932 2347 1084 2421; x_wconf 89' lang='lat' dir='ltr'><strong>sonitum</strong></span> <span class='ocrx_word' id='word_1_130' title='bbox 1114 2372 1181 2422; x_wconf 91' lang='lat' dir='ltr'><strong>nec</strong></span> <span class='ocrx_word' id='word_1_131' title='bbox 1207 2347 1373 2420; x_wconf 91' lang='lat' dir='ltr'><strong>tinnitum</strong></span> <span class='ocrx_word' id='word_1_132' title='bbox 1397 2347 1432 2420; x_wconf 94' lang='lat' dir='ltr'><strong>in</strong></span> <span class='ocrx_word' id='word_1_133' title='bbox 1460 2347 1612 2421; x_wconf 86' lang='lat' dir='ltr'><strong>flammis</strong></span> <span class='ocrx_word' id='word_1_134' title='bbox 1635 2349 1837 2435; x_wconf 87' lang='lat' dir='ltr'><strong>emiserunt,</strong></span> <span class='ocrx_word' id='word_1_135' title='bbox 1861 2374 1951 2449; x_wconf 90' lang='lat' dir='ltr'><strong>quos</strong></span> <span class='ocrx_word' id='word_1_136' title='bbox 1974 2351 2055 2426; x_wconf 89' lang='lat' dir='ltr'><strong>laici</strong></span> 
     </span>
     <span class='ocr_line' id='line_1_15' title="bbox 593 2466 2056 2568; baseline -0.001 -23"><span class='ocrx_word' id='word_1_137' title='bbox 593 2469 835 2568; x_wconf 84' lang='lat' dir='ltr'><strong>Papelardosp</strong></span> <span class='ocrx_word' id='word_1_138' title='bbox 861 2466 1140 2567; x_wconf 88' lang='lat' dir='ltr'><strong>appellaverunt.</strong></span> <span class='ocrx_word' id='word_1_139' title='bbox 1200 2467 1373 2568; x_wconf 83' lang='lat' dir='ltr'><strong>Magister</strong></span> <span class='ocrx_word' id='word_1_140' title='bbox 1397 2478 1519 2540; x_wconf 87' lang='lat' dir='ltr'><strong>autem</strong></span> <span class='ocrx_word' id='word_1_141' title='bbox 1545 2466 1725 2544; x_wconf 87' lang='lat' dir='ltr'><strong>Robertus</strong></span> <span class='ocrx_word' id='word_1_142' title='bbox 1751 2468 1797 2543; x_wconf 85' lang='lat' dir='ltr'><strong>de</strong></span> <span class='ocrx_word' id='word_1_143' title='bbox 1823 2469 1982 2556; x_wconf 78' lang='lat' dir='ltr'><strong>Curcsm,</strong></span> <span class='ocrx_word' id='word_1_144' title='bbox 2004 2473 2056 2544; x_wconf 93' lang='lat' dir='ltr'><strong>vir</strong></span> 
     </span>
     <span class='ocr_line' id='line_1_16' title="bbox 591 2587 2056 2691; baseline 0.002 -28"><span class='ocrx_word' id='word_1_145' title='bbox 591 2592 662 2664; x_wconf 89' lang='lat' dir='ltr'><strong>vite</strong></span> <span class='ocrx_word' id='word_1_146' title='bbox 680 2587 891 2664; x_wconf 91' lang='lat' dir='ltr'><strong>venerabilis</strong></span> <span class='ocrx_word' id='word_1_147' title='bbox 913 2600 949 2662; x_wconf 92' lang='lat' dir='ltr'><strong>et</strong></span> <span class='ocrx_word' id='word_1_148' title='bbox 970 2588 1005 2662; x_wconf 94' lang='lat' dir='ltr'><strong>in</strong></span> <span class='ocrx_word' id='word_1_149' title='bbox 1030 2589 1125 2662; x_wconf 93' lang='lat' dir='ltr'><strong>omni</strong></span> <span class='ocrx_word' id='word_1_150' title='bbox 1144 2587 1308 2661; x_wconf 74' lang='lat' dir='ltr'><strong>doctrina</strong></span> <span class='ocrx_word' id='word_1_151' title='bbox 1333 2587 1552 2687; x_wconf 91' lang='lat' dir='ltr'><strong>perspicuus,</strong></span> <span class='ocrx_word' id='word_1_152' title='bbox 1570 2590 1628 2662; x_wconf 93' lang='lat' dir='ltr'><strong>cui</strong></span> <span class='ocrx_word' id='word_1_153' title='bbox 1647 2615 1669 2662; x_wconf 92' lang='lat' dir='ltr'><strong>a</strong></span> <span class='ocrx_word' id='word_1_154' title='bbox 1687 2589 1831 2664; x_wconf 90' lang='lat' dir='ltr'><strong>domino</strong></span> <span class='ocrx_word' id='word_1_155' title='bbox 1854 2616 1951 2691; x_wconf 89' lang='lat' dir='ltr'><strong>papa</strong></span> <span class='ocrx_word' id='word_1_156' title='bbox 1973 2617 2056 2666; x_wconf 90' lang='lat' dir='ltr'><strong>cum</strong></span> 
     </span>
     <span class='ocr_line' id='line_1_17' title="bbox 591 2707 2053 2810; baseline 0.003 -27"><span class='ocrx_word' id='word_1_157' title='bbox 591 2712 719 2785; x_wconf 89' lang='lat' dir='ltr'><strong>ceteris</strong></span> <span class='ocrx_word' id='word_1_158' title='bbox 745 2709 980 2810; x_wconf 81' lang='lat' dir='ltr'><strong>dignitatibus</strong></span> <span class='ocrx_word' id='word_1_159' title='bbox 1004 2709 1073 2781; x_wconf 88' lang='lat' dir='ltr'><strong>suis</strong></span> <span class='ocrx_word' id='word_1_160' title='bbox 1094 2708 1179 2782; x_wconf 89' lang='lat' dir='ltr'><strong>data</strong></span> <span class='ocrx_word' id='word_1_161' title='bbox 1205 2707 1255 2782; x_wconf 87' lang='lat' dir='ltr'><strong>est</strong></span> <span class='ocrx_word' id='word_1_162' title='bbox 1287 2735 1371 2782; x_wconf 89' lang='lat' dir='ltr'><strong>cura</strong></span> <span class='ocrx_word' id='word_1_163' title='bbox 1395 2711 1533 2784; x_wconf 87' lang='lat' dir='ltr'><strong>summa</strong></span> <span class='ocrx_word' id='word_1_164' title='bbox 1559 2708 1828 2808; x_wconf 86' lang='lat' dir='ltr'><strong>praedicacionis</strong></span> <span class='ocrx_word' id='word_1_165' title='bbox 1853 2711 1889 2784; x_wconf 96' lang='lat' dir='ltr'><strong>in</strong></span> <span class='ocrx_word' id='word_1_166' title='bbox 1913 2710 2053 2797; x_wconf 91' lang='lat' dir='ltr'><strong>Galliis,</strong></span> 
     </span>
     <span class='ocr_line' id='line_1_18' title="bbox 591 2829 2054 2931; baseline 0.001 -27"><span class='ocrx_word' id='word_1_167' title='bbox 591 2832 781 2930; x_wconf 69' lang='lat' dir='ltr'><strong>praedistos</strong></span> <span class='ocrx_word' id='word_1_168' title='bbox 798 2829 1125 2931; x_wconf 89' lang='lat' dir='ltr'><strong>pseudoprophetas</strong></span> <span class='ocrx_word' id='word_1_169' title='bbox 1143 2854 1165 2902; x_wconf 88' lang='lat' dir='ltr'><strong>a</strong></span> <span class='ocrx_word' id='word_1_170' title='bbox 1182 2829 1355 2928; x_wconf 92' lang='lat' dir='ltr'><strong>principio</strong></span> <span class='ocrx_word' id='word_1_171' title='bbox 1373 2830 1469 2903; x_wconf 93' lang='lat' dir='ltr'><strong>omni</strong></span> <span class='ocrx_word' id='word_1_172' title='bbox 1487 2829 1602 2904; x_wconf 89' lang='lat' dir='ltr'><strong>studio</strong></span> <span class='ocrx_word' id='word_1_173' title='bbox 1619 2830 1824 2929; x_wconf 87' lang='lat' dir='ltr'><strong>persecutus</strong></span> <span class='ocrx_word' id='word_1_174' title='bbox 1841 2830 1904 2917; x_wconf 89' lang='lat' dir='ltr'><strong>cst,</strong></span> <span class='ocrx_word' id='word_1_175' title='bbox 1923 2834 2054 2931; x_wconf 89' lang='lat' dir='ltr'><strong>eosque</strong></span> 
     </span>
     <span class='ocr_line' id='line_1_19' title="bbox 593 2947 2053 3049; baseline 0 -24"><span class='ocrx_word' id='word_1_176' title='bbox 593 2952 840 3026; x_wconf 81' lang='lat' dir='ltr'><strong>Almaricanos</strong></span> <span class='ocrx_word' id='word_1_177' title='bbox 864 2976 886 3023; x_wconf 93' lang='lat' dir='ltr'><strong>a</strong></span> <span class='ocrx_word' id='word_1_178' title='bbox 911 2949 1083 3049; x_wconf 68' lang='lat' dir='ltr'><strong>praedidto</strong></span> <span class='ocrx_word' id='word_1_179' title='bbox 1113 2948 1294 3023; x_wconf 84' lang='lat' dir='ltr'><strong>Almarico</strong></span> <span class='ocrx_word' id='word_1_180' title='bbox 1322 2947 1575 3033; x_wconf 88' lang='lat' dir='ltr'><strong>denominavit,</strong></span> <span class='ocrx_word' id='word_1_181' title='bbox 1593 2951 1648 3024; x_wconf 91' lang='lat' dir='ltr'><strong>vel</strong></span> <span class='ocrx_word' id='word_1_182' title='bbox 1675 2948 1837 3026; x_wconf 84' lang='lat' dir='ltr'><strong>Godinos</strong></span> <span class='ocrx_word' id='word_1_183' title='bbox 1861 2977 1883 3024; x_wconf 90' lang='lat' dir='ltr'><strong>a</strong></span> <span class='ocrx_word' id='word_1_184' title='bbox 1909 2950 2053 3026; x_wconf 91' lang='lat' dir='ltr'><strong>Godino</strong></span> 
     </span>
     <span class='ocr_line' id='line_1_20' title="bbox 590 3067 2054 3169; baseline 0.001 -24"><span class='ocrx_word' id='word_1_185' title='bbox 590 3071 821 3147; x_wconf 87' lang='lat' dir='ltr'><strong>haeresrarcha</strong></span> <span class='ocrx_word' id='word_1_186' title='bbox 838 3097 973 3156; x_wconf 91' lang='lat' dir='ltr'><strong>eorum,</strong></span> <span class='ocrx_word' id='word_1_187' title='bbox 992 3070 1053 3169; x_wconf 94' lang='lat' dir='ltr'><strong>qui</strong></span> <span class='ocrx_word' id='word_1_188' title='bbox 1072 3069 1180 3144; x_wconf 88' lang='lat' dir='ltr'><strong>etiam</strong></span> <span class='ocrx_word' id='word_1_189' title='bbox 1198 3067 1310 3168; x_wconf 91' lang='lat' dir='ltr'><strong>pa[ri]</strong></span> <span class='ocrx_word' id='word_1_190' title='bbox 1326 3093 1421 3168; x_wconf 86' lang='lat' dir='ltr'><strong>pena</strong></span> <span class='ocrx_word' id='word_1_191' title='bbox 1438 3069 1582 3168; x_wconf 92' lang='lat' dir='ltr'><strong>punitus</strong></span> <span class='ocrx_word' id='word_1_192' title='bbox 1599 3069 1741 3144; x_wconf 90' lang='lat' dir='ltr'><strong>interiit.</strong></span> <span class='ocrx_word' id='word_1_193' title='bbox 1791 3069 1915 3146; x_wconf 89' lang='lat' dir='ltr'><strong>Plures</strong></span> <span class='ocrx_word' id='word_1_194' title='bbox 1933 3082 2054 3148; x_wconf 90' lang='lat' dir='ltr'><strong>autem</strong></span> 
     </span>
     <span class='ocr_line' id='line_1_21' title="bbox 589 3189 2055 3291; baseline 0 -24"><span class='ocrx_word' id='word_1_195' title='bbox 589 3219 706 3267; x_wconf 88' lang='lat' dir='ltr'><strong>errore</strong></span> <span class='ocrx_word' id='word_1_196' title='bbox 720 3216 853 3278; x_wconf 88' lang='lat' dir='ltr'><strong>eorum,</strong></span> <span class='ocrx_word' id='word_1_197' title='bbox 866 3191 1006 3290; x_wconf 90' lang='lat' dir='ltr'><strong>decepti</strong></span> <span class='ocrx_word' id='word_1_198' title='bbox 1019 3189 1078 3264; x_wconf 90' lang='lat' dir='ltr'><strong>sed</strong></span> <span class='ocrx_word' id='word_1_199' title='bbox 1092 3189 1311 3288; x_wconf 68' lang='lat' dir='ltr'><strong>compunsti,</strong></span> <span class='ocrx_word' id='word_1_200' title='bbox 1325 3200 1497 3288; x_wconf 89' lang='lat' dir='ltr'><strong>perpetuo</strong></span> <span class='ocrx_word' id='word_1_201' title='bbox 1509 3214 1630 3265; x_wconf 90' lang='lat' dir='ltr'><strong>carcer</strong></span> <span class='ocrx_word' id='word_1_202' title='bbox 1640 3190 1732 3265; x_wconf 90' lang='lat' dir='ltr'><strong>isunt</strong></span> <span class='ocrx_word' id='word_1_203' title='bbox 1742 3190 1947 3290; x_wconf 87' lang='lat' dir='ltr'><strong>mancipati,</strong></span> <span class='ocrx_word' id='word_1_204' title='bbox 1958 3192 2055 3291; x_wconf 88' lang='lat' dir='ltr'><strong>prius</strong></span> 
     </span>
     <span class='ocr_line' id='line_1_22' title="bbox 590 3308 2056 3412; baseline -0.001 -26"><span class='ocrx_word' id='word_1_205' title='bbox 590 3326 710 3387; x_wconf 90' lang='lat' dir='ltr'><strong>tamen</strong></span> <span class='ocrx_word' id='word_1_206' title='bbox 729 3310 914 3412; x_wconf 88' lang='lat' dir='ltr'><strong>degradati</strong></span> <span class='ocrx_word' id='word_1_207' title='bbox 934 3336 956 3385; x_wconf 92' lang='lat' dir='ltr'><strong>a</strong></span> <span class='ocrx_word' id='word_1_208' title='bbox 973 3311 1079 3385; x_wconf 91' lang='lat' dir='ltr'><strong>sacris</strong></span> <span class='ocrx_word' id='word_1_209' title='bbox 1103 3309 1235 3385; x_wconf 89' lang='lat' dir='ltr'><strong>scilicet</strong></span> <span class='ocrx_word' id='word_1_210' title='bbox 1257 3308 1452 3396; x_wconf 71' lang='lat' dir='ltr'><strong>ordinibus</strong></span> <span class='ocrx_word' id='word_1_211' title='bbox 1471 3321 1508 3384; x_wconf 91' lang='lat' dir='ltr'><strong>et</strong></span> <span class='ocrx_word' id='word_1_212' title='bbox 1525 3311 1576 3384; x_wconf 90' lang='lat' dir='ltr'><strong>ita</strong></span> <span class='ocrx_word' id='word_1_213' title='bbox 1592 3309 1731 3385; x_wconf 74' lang='lat' dir='ltr'><strong>fastum</strong></span> <span class='ocrx_word' id='word_1_214' title='bbox 1758 3309 1809 3385; x_wconf 89' lang='lat' dir='ltr'><strong>est</strong></span> <span class='ocrx_word' id='word_1_215' title='bbox 1826 3311 1924 3410; x_wconf 95' lang='lat' dir='ltr'><strong>quod</strong></span> <span class='ocrx_word' id='word_1_216' title='bbox 1941 3312 1977 3385; x_wconf 90' lang='lat' dir='ltr'><strong>in</strong></span> <span class='ocrx_word' id='word_1_217' title='bbox 1995 3312 2056 3385; x_wconf 90' lang='lat' dir='ltr'><strong>illo</strong></span> 
     </span>
     <span class='ocr_line' id='line_1_23' title="bbox 590 3428 1906 3530; baseline -0.002 -24"><span class='ocrx_word' id='word_1_218' title='bbox 590 3459 683 3507; x_wconf 87' lang='lat' dir='ltr'><strong>anno</strong></span> <span class='ocrx_word' id='word_1_219' title='bbox 701 3431 857 3507; x_wconf 88' lang='lat' dir='ltr'><strong>maxima</strong></span> <span class='ocrx_word' id='word_1_220' title='bbox 875 3431 990 3505; x_wconf 88' lang='lat' dir='ltr'><strong>extitit</strong></span> <span class='ocrx_word' id='word_1_221' title='bbox 1007 3445 1082 3505; x_wconf 90' lang='lat' dir='ltr'><strong>tam</strong></span> <span class='ocrx_word' id='word_1_222' title='bbox 1100 3429 1121 3505; x_wconf 91' lang='lat' dir='ltr'>J</span> <span class='ocrx_word' id='word_1_223' title='bbox 1124 3430 1297 3505; x_wconf 91' lang='lat' dir='ltr'><strong>udeorum</strong></span> <span class='ocrx_word' id='word_1_224' title='bbox 1315 3455 1424 3530; x_wconf 88' lang='lat' dir='ltr'><strong>quarn</strong></span> <span class='ocrx_word' id='word_1_225' title='bbox 1441 3428 1678 3506; x_wconf 90' lang='lat' dir='ltr'><strong>hereticorum</strong></span> <span class='ocrx_word' id='word_1_226' title='bbox 1695 3431 1906 3530; x_wconf 86' lang='lat' dir='ltr'><strong>persecutio.</strong></span> 
     </span>
    </p>

    <p class='ocr_par' dir='ltr' id='par_1_3' title="bbox 588 3550 2055 3891">
     <span class='ocr_line' id='line_1_24' title="bbox 641 3550 2054 3652; baseline 0 -25"><span class='ocrx_word' id='word_1_227' title='bbox 641 3552 882 3637; x_wconf 88' lang='lat' dir='ltr'><strong>Laodouicus,</strong></span> <span class='ocrx_word' id='word_1_228' title='bbox 903 3551 994 3625; x_wconf 92' lang='lat' dir='ltr'><strong>silius</strong></span> <span class='ocrx_word' id='word_1_229' title='bbox 1014 3551 1167 3651; x_wconf 92' lang='lat' dir='ltr'><strong>Philippi</strong></span> <span class='ocrx_word' id='word_1_230' title='bbox 1191 3552 1285 3652; x_wconf 87' lang='lat' dir='ltr'><strong>regis</strong></span> <span class='ocrx_word' id='word_1_231' title='bbox 1304 3550 1468 3636; x_wconf 90' lang='lat' dir='ltr'><strong>Francie,</strong></span> <span class='ocrx_word' id='word_1_232' title='bbox 1491 3551 1592 3626; x_wconf 91' lang='lat' dir='ltr'><strong>miles</strong></span> <span class='ocrx_word' id='word_1_233' title='bbox 1611 3577 1632 3625; x_wconf 90' lang='lat' dir='ltr'><strong>a</strong></span> <span class='ocrx_word' id='word_1_234' title='bbox 1649 3563 1751 3651; x_wconf 89' lang='lat' dir='ltr'><strong>patre</strong></span> <span class='ocrx_word' id='word_1_235' title='bbox 1768 3553 1831 3626; x_wconf 92' lang='lat' dir='ltr'><strong>suo</strong></span> <span class='ocrx_word' id='word_1_236' title='bbox 1856 3551 1978 3628; x_wconf 70' lang='lat' dir='ltr'><strong>fastus</strong></span> <span class='ocrx_word' id='word_1_237' title='bbox 2003 3551 2054 3627; x_wconf 87' lang='lat' dir='ltr'><strong>est</strong></span> 
     </span>
     <span class='ocr_line' id='line_1_25' title="bbox 589 3671 2055 3773; baseline -0.001 -26"><span class='ocrx_word' id='word_1_238' title='bbox 589 3698 671 3747; x_wconf 86' lang='lat' dir='ltr'><strong>cum</strong></span> <span class='ocrx_word' id='word_1_239' title='bbox 699 3673 835 3773; x_wconf 84' lang='lat' dir='ltr'><strong>ingenti</strong></span> <span class='ocrx_word' id='word_1_240' title='bbox 862 3673 976 3772; x_wconf 88' lang='lat' dir='ltr'><strong>gloria</strong></span> <span class='ocrx_word' id='word_1_241' title='bbox 999 3684 1035 3745; x_wconf 86' lang='lat' dir='ltr'><strong>et</strong></span> <span class='ocrx_word' id='word_1_242' title='bbox 1063 3672 1293 3757; x_wconf 91' lang='lat' dir='ltr'><strong>exultatione,</strong></span> <span class='ocrx_word' id='word_1_243' title='bbox 1318 3671 1414 3771; x_wconf 92' lang='lat' dir='ltr'><strong>apud</strong></span> <span class='ocrx_word' id='word_1_244' title='bbox 1433 3672 1608 3759; x_wconf 69' lang='lat' dir='ltr'><strong>sanstum,</strong></span> <span class='ocrx_word' id='word_1_245' title='bbox 1629 3671 1769 3748; x_wconf 91' lang='lat' dir='ltr'><strong>Licium</strong></span> <span class='ocrx_word' id='word_1_246' title='bbox 1787 3671 1846 3745; x_wconf 87' lang='lat' dir='ltr'><strong>die</strong></span> <span class='ocrx_word' id='word_1_247' title='bbox 1863 3671 1976 3747; x_wconf 71' lang='lat' dir='ltr'><strong>sensti</strong></span> <span class='ocrx_word' id='word_1_248' title='bbox 1994 3671 2055 3747; x_wconf 88' lang='lat' dir='ltr'><strong>Jo-</strong></span> 
     </span>
     <span class='ocr_line' id='line_1_26' title="bbox 588 3790 1121 3891; baseline -0.002 -25"><span class='ocrx_word' id='word_1_249' title='bbox 588 3793 725 3868; x_wconf 88' lang='lat' dir='ltr'><strong>hannes</strong></span> <span class='ocrx_word' id='word_1_250' title='bbox 742 3791 893 3867; x_wconf 87' lang='lat' dir='ltr'><strong>babtiste</strong></span> <span class='ocrx_word' id='word_1_251' title='bbox 923 3791 960 3891; x_wconf 90' lang='lat' dir='ltr'><strong>[J</strong></span> <span class='ocrx_word' id='word_1_252' title='bbox 964 3816 1022 3866; x_wconf 95' lang='lat' dir='ltr'><strong>un.</strong></span> <span class='ocrx_word' id='word_1_253' title='bbox 1041 3790 1121 3890; x_wconf 79' lang='lat'><strong>24].</strong></span> 
     </span>
    </p>

    <p class='ocr_par' dir='ltr' id='par_1_4' title="bbox 590 3909 2056 4131">
     <span class='ocr_line' id='line_1_27' title="bbox 640 3909 2056 4012; baseline 0.001 -26"><span class='ocrx_word' id='word_1_254' title='bbox 640 3915 747 3986; x_wconf 89' lang='lat' dir='ltr'><strong>Anno</strong></span> <span class='ocrx_word' id='word_1_255' title='bbox 776 3912 923 4010; x_wconf 76' lang='lat' dir='ltr'><strong>mccxj.</strong></span> <span class='ocrx_word' id='word_1_256' title='bbox 953 3912 989 3985; x_wconf 94' lang='lat' dir='ltr'><strong>in</strong></span> <span class='ocrx_word' id='word_1_257' title='bbox 1017 3911 1076 3986; x_wconf 92' lang='lat' dir='ltr'><strong>die</strong></span> <span class='ocrx_word' id='word_1_258' title='bbox 1103 3910 1227 3984; x_wconf 75' lang='lat' dir='ltr'><strong>sancte</strong></span> <span class='ocrx_word' id='word_1_259' title='bbox 1258 3909 1376 3985; x_wconf 86' lang='lat' dir='ltr'><strong>Mario</strong></span> <span class='ocrx_word' id='word_1_260' title='bbox 1408 3910 1631 4011; x_wconf 84' lang='lat' dir='ltr'><strong>Magdasene</strong></span> <span class='ocrx_word' id='word_1_261' title='bbox 1658 3910 1746 4011; x_wconf 90' lang='lat' dir='ltr'><strong>[Jul.</strong></span> <span class='ocrx_word' id='word_1_262' title='bbox 1775 3911 1840 4012; x_wconf 80' lang='lat'><strong>22]</strong></span> <span class='ocrx_word' id='word_1_263' title='bbox 1871 3911 2056 3987; x_wconf 86' lang='lat' dir='ltr'><strong>Johannes</strong></span> 
     </span>
     <span class='ocr_line' id='line_1_28' title="bbox 590 4029 1954 4131; baseline -0.001 -25"><span class='ocrx_word' id='word_1_264' title='bbox 590 4032 859 4106; x_wconf 90' lang='lat' dir='ltr'><strong>archidiaconus</strong></span> <span class='ocrx_word' id='word_1_265' title='bbox 880 4029 1122 4105; x_wconf 90' lang='lat' dir='ltr'><strong>Laodoncnfis</strong></span> <span class='ocrx_word' id='word_1_266' title='bbox 1141 4030 1278 4105; x_wconf 71' lang='lat' dir='ltr'><strong>elestus</strong></span> <span class='ocrx_word' id='word_1_267' title='bbox 1296 4030 1401 4107; x_wconf 91' lang='lat' dir='ltr'><strong>estin</strong></span> <span class='ocrx_word' id='word_1_268' title='bbox 1419 4031 1624 4131; x_wconf 91' lang='lat' dir='ltr'><strong>episcopum</strong></span> <span class='ocrx_word' id='word_1_269' title='bbox 1642 4031 1688 4105; x_wconf 91' lang='lat' dir='ltr'><strong>de</strong></span> <span class='ocrx_word' id='word_1_270' title='bbox 1707 4030 1954 4107; x_wconf 79' lang='lat' dir='ltr'><strong>Dunkelden.‘¹</strong></span> 
     </span>
    </p>

    <p class='ocr_par' dir='ltr' id='par_1_5' title="bbox 640 4150 1470 4252">
     <span class='ocr_line' id='line_1_29' title="bbox 640 4150 1470 4252; baseline 0.001 -27"><span class='ocrx_word' id='word_1_271' title='bbox 640 4150 741 4225; x_wconf 92' lang='lat' dir='ltr'><strong>Obiit</strong></span> <span class='ocrx_word' id='word_1_272' title='bbox 762 4150 965 4226; x_wconf 88' lang='lat' dir='ltr'><strong>Willelmus</strong></span> <span class='ocrx_word' id='word_1_273' title='bbox 982 4151 1141 4227; x_wconf 91' lang='lat' dir='ltr'><strong>decanus</strong></span> <span class='ocrx_word' id='word_1_274' title='bbox 1159 4150 1205 4225; x_wconf 88' lang='lat' dir='ltr'><strong>de</strong></span> <span class='ocrx_word' id='word_1_275' title='bbox 1227 4150 1470 4252; x_wconf 86' lang='lat' dir='ltr'><strong>Cuningham.</strong></span> 
     </span>
    </p>

    <p class='ocr_par' dir='ltr' id='par_1_6' title="bbox 589 4270 2055 4491">
     <span class='ocr_line' id='line_1_30' title="bbox 640 4270 2055 4379; baseline 0 -32"><span class='ocrx_word' id='word_1_276' title='bbox 640 4272 776 4371; x_wconf 88' lang='lat' dir='ltr'><strong>Vigilia</strong></span> <span class='ocrx_word' id='word_1_277' title='bbox 798 4273 1001 4347; x_wconf 70' lang='lat' dir='ltr'><strong>sanstorum</strong></span> <span class='ocrx_word' id='word_1_278' title='bbox 1021 4271 1117 4346; x_wconf 89' lang='lat' dir='ltr'><strong>Petri</strong></span> <span class='ocrx_word' id='word_1_279' title='bbox 1135 4281 1172 4345; x_wconf 91' lang='lat' dir='ltr'><strong>et</strong></span> <span class='ocrx_word' id='word_1_280' title='bbox 1191 4271 1293 4379; x_wconf 66' lang='lat' dir='ltr'><strong>Pauli</strong></span> <span class='ocrx_word' id='word_1_281' title='bbox 1320 4271 1420 4372; x_wconf 89' lang='lat' dir='ltr'><strong>[Jun.</strong></span> <span class='ocrx_word' id='word_1_282' title='bbox 1440 4270 1504 4371; x_wconf 80' lang='lat'><strong>28]</strong></span> <span class='ocrx_word' id='word_1_283' title='bbox 1529 4270 1732 4347; x_wconf 90' lang='lat' dir='ltr'><strong>Willelmus</strong></span> <span class='ocrx_word' id='word_1_284' title='bbox 1755 4271 1801 4345; x_wconf 92' lang='lat' dir='ltr'><strong>de</strong></span> <span class='ocrx_word' id='word_1_285' title='bbox 1825 4270 1912 4347; x_wconf 91' lang='lat' dir='ltr'><strong>Bois</strong></span> <span class='ocrx_word' id='word_1_286' title='bbox 1934 4271 2055 4347; x_wconf 68' lang='lat' dir='ltr'><strong>fastus</strong></span> 
     </span>
     <span class='ocr_line' id='line_1_31' title="bbox 589 4391 1315 4491; baseline 0 -26"><span class='ocrx_word' id='word_1_287' title='bbox 589 4392 638 4465; x_wconf 91' lang='lat' dir='ltr'><strong>est</strong></span> <span class='ocrx_word' id='word_1_288' title='bbox 657 4391 890 4467; x_wconf 90' lang='lat' dir='ltr'><strong>cancellarius</strong></span> <span class='ocrx_word' id='word_1_289' title='bbox 908 4391 1041 4466; x_wconf 92' lang='lat' dir='ltr'><strong>domini</strong></span> <span class='ocrx_word' id='word_1_290' title='bbox 1059 4391 1154 4491; x_wconf 87' lang='lat' dir='ltr'><strong>regis</strong></span> <span class='ocrx_word' id='word_1_291' title='bbox 1176 4391 1315 4466; x_wconf 89' lang='lat' dir='ltr'><strong>Scocie.</strong></span> 
     </span>
    </p>

    <p class='ocr_par' dir='ltr' id='par_1_7' title="bbox 640 4510 1856 4613">
     <span class='ocr_line' id='line_1_32' title="bbox 640 4510 1856 4613; baseline -0.002 -26"><span class='ocrx_word' id='word_1_292' title='bbox 640 4512 717 4588; x_wconf 89' lang='lat' dir='ltr'><strong>Rex</strong></span> <span class='ocrx_word' id='word_1_293' title='bbox 738 4511 884 4612; x_wconf 85' lang='lat' dir='ltr'><strong>Anglie,</strong></span> <span class='ocrx_word' id='word_1_294' title='bbox 902 4511 1048 4585; x_wconf 89' lang='lat' dir='ltr'><strong>firmatis</strong></span> <span class='ocrx_word' id='word_1_295' title='bbox 1066 4510 1217 4585; x_wconf 86' lang='lat' dir='ltr'><strong>castellis</strong></span> <span class='ocrx_word' id='word_1_296' title='bbox 1235 4512 1270 4583; x_wconf 94' lang='lat' dir='ltr'><strong>iu</strong></span> <span class='ocrx_word' id='word_1_297' title='bbox 1292 4511 1428 4596; x_wconf 89' lang='lat' dir='ltr'><strong>Walcs,</strong></span> <span class='ocrx_word' id='word_1_298' title='bbox 1448 4536 1529 4586; x_wconf 91' lang='lat' dir='ltr'><strong>eam</strong></span> <span class='ocrx_word' id='word_1_299' title='bbox 1546 4511 1609 4586; x_wconf 87' lang='lat' dir='ltr'><strong>fibi</strong></span> <span class='ocrx_word' id='word_1_300' title='bbox 1628 4512 1856 4613; x_wconf 76' lang='lat' dir='ltr'><strong>subjugavit.r</strong></span> 
     </span>
    </p>
   </div>
   <div class='ocr_carea' id='block_1_3' title="bbox 586 4683 2062 5077">
    <p class='ocr_par' dir='ltr' id='par_1_8' title="bbox 586 4683 2062 5077">
     <span class='ocr_line' id='line_1_33' title="bbox 634 4683 2055 4756; baseline -0.001 -16"><span class='ocrx_word' id='word_1_301' title='bbox 634 4686 646 4709; x_wconf 88' lang='lat'><strong>⁰</strong></span> <span class='ocrx_word' id='word_1_302' title='bbox 669 4685 784 4740; x_wconf 84' lang='lat' dir='ltr'><strong>Almaric</strong></span> <span class='ocrx_word' id='word_1_303' title='bbox 797 4703 827 4739; x_wconf 92' lang='lat' dir='ltr'><strong>or</strong></span> <span class='ocrx_word' id='word_1_304' title='bbox 842 4685 967 4755; x_wconf 81' lang='lat' dir='ltr'><strong>Amaury‚</strong></span> <span class='ocrx_word' id='word_1_305' title='bbox 982 4702 999 4738; x_wconf 88' lang='lat' dir='ltr'><strong>a</strong></span> <span class='ocrx_word' id='word_1_306' title='bbox 1011 4683 1143 4754; x_wconf 85' lang='lat' dir='ltr'><strong>professor</strong></span> <span class='ocrx_word' id='word_1_307' title='bbox 1155 4685 1182 4737; x_wconf 93' lang='lat' dir='ltr'><strong>in</strong></span> <span class='ocrx_word' id='word_1_308' title='bbox 1195 4684 1242 4737; x_wconf 88' lang='lat' dir='ltr'><strong>tho</strong></span> <span class='ocrx_word' id='word_1_309' title='bbox 1257 4684 1408 4755; x_wconf 85' lang='lat' dir='ltr'><strong>University</strong></span> <span class='ocrx_word' id='word_1_310' title='bbox 1420 4684 1453 4739; x_wconf 93' lang='lat' dir='ltr'><strong>os</strong></span> <span class='ocrx_word' id='word_1_311' title='bbox 1462 4685 1544 4747; x_wconf 74' lang='lat' dir='ltr'><strong>PariS,</strong></span> <span class='ocrx_word' id='word_1_312' title='bbox 1560 4685 1655 4740; x_wconf 87' lang='lat' dir='ltr'><strong>denied</strong></span> <span class='ocrx_word' id='word_1_313' title='bbox 1667 4685 1714 4740; x_wconf 87' lang='lat' dir='ltr'><strong>the</strong></span> <span class='ocrx_word' id='word_1_314' title='bbox 1726 4686 1815 4741; x_wconf 84' lang='lat' dir='ltr'><strong>actual</strong></span> <span class='ocrx_word' id='word_1_315' title='bbox 1826 4702 1955 4756; x_wconf 82' lang='lat' dir='ltr'><strong>presence</strong></span> <span class='ocrx_word' id='word_1_316' title='bbox 1967 4686 1995 4739; x_wconf 89' lang='lat' dir='ltr'><strong>in</strong></span> <span class='ocrx_word' id='word_1_317' title='bbox 2006 4685 2055 4740; x_wconf 86' lang='lat' dir='ltr'><strong>the</strong></span> 
     </span>
     <span class='ocr_line' id='line_1_34' title="bbox 588 4768 2052 4841; baseline -0.001 -19"><span class='ocrx_word' id='word_1_318' title='bbox 588 4769 720 4824; x_wconf 87' lang='lat' dir='ltr'><strong>eucharist</strong></span> <span class='ocrx_word' id='word_1_319' title='bbox 733 4769 786 4825; x_wconf 91' lang='lat' dir='ltr'><strong>and</strong></span> <span class='ocrx_word' id='word_1_320' title='bbox 798 4769 845 4824; x_wconf 88' lang='lat' dir='ltr'><strong>the</strong></span> <span class='ocrx_word' id='word_1_321' title='bbox 863 4768 1037 4823; x_wconf 84' lang='lat' dir='ltr'><strong>resurrection</strong></span> <span class='ocrx_word' id='word_1_322' title='bbox 1050 4768 1082 4822; x_wconf 96' lang='lat' dir='ltr'><strong>os</strong></span> <span class='ocrx_word' id='word_1_323' title='bbox 1096 4769 1142 4822; x_wconf 88' lang='lat' dir='ltr'><strong>the</strong></span> <span class='ocrx_word' id='word_1_324' title='bbox 1156 4769 1232 4832; x_wconf 84' lang='lat' dir='ltr'><strong>dead,</strong></span> <span class='ocrx_word' id='word_1_325' title='bbox 1247 4769 1299 4822; x_wconf 92' lang='lat' dir='ltr'><strong>and</strong></span> <span class='ocrx_word' id='word_1_326' title='bbox 1317 4768 1435 4822; x_wconf 87' lang='lat' dir='ltr'><strong>asserted</strong></span> <span class='ocrx_word' id='word_1_327' title='bbox 1446 4769 1506 4823; x_wconf 90' lang='lat' dir='ltr'><strong>that</strong></span> <span class='ocrx_word' id='word_1_328' title='bbox 1522 4769 1569 4823; x_wconf 89' lang='lat' dir='ltr'><strong>the</strong></span> <span class='ocrx_word' id='word_1_329' title='bbox 1582 4771 1697 4840; x_wconf 84' lang='lat' dir='ltr'><strong>worship</strong></span> <span class='ocrx_word' id='word_1_330' title='bbox 1710 4770 1742 4825; x_wconf 91' lang='lat' dir='ltr'><strong>os</strong></span> <span class='ocrx_word' id='word_1_331' title='bbox 1754 4771 1851 4841; x_wconf 80' lang='lat' dir='ltr'><strong>images</strong></span> <span class='ocrx_word' id='word_1_332' title='bbox 1864 4786 1919 4824; x_wconf 84' lang='lat' dir='ltr'><strong>was</strong></span> <span class='ocrx_word' id='word_1_333' title='bbox 1931 4768 2052 4839; x_wconf 78' lang='lat' dir='ltr'><strong>idolatry.</strong></span> 
     </span>
     <span class='ocr_line' id='line_1_35' title="bbox 589 4852 2052 4925; baseline -0.001 -18"><span class='ocrx_word' id='word_1_334' title='bbox 589 4852 701 4924; x_wconf 78' lang='lat' dir='ltr'><strong>Lenglct</strong></span> <span class='ocrx_word' id='word_1_335' title='bbox 712 4854 748 4908; x_wconf 89' lang='lat' dir='ltr'><strong>du</strong></span> <span class='ocrx_word' id='word_1_336' title='bbox 763 4854 880 4924; x_wconf 84' lang='lat' dir='ltr'><strong>Fresnoy</strong></span> <span class='ocrx_word' id='word_1_337' title='bbox 911 4852 986 4906; x_wconf 78' lang='lat' dir='ltr'><strong>Tabs.</strong></span> <span class='ocrx_word' id='word_1_338' title='bbox 995 4854 1142 4924; x_wconf 79' lang='lat' dir='ltr'><strong>thronolog.</strong></span> <span class='ocrx_word' id='word_1_339' title='bbox 1155 4853 1182 4906; x_wconf 89' lang='lat' dir='ltr'><strong>ii.</strong></span> <span class='ocrx_word' id='word_1_340' title='bbox 1196 4855 1263 4914; x_wconf 79' lang='lat'><strong>467;</strong></span> <span class='ocrx_word' id='word_1_341' title='bbox 1286 4852 1362 4906; x_wconf 85' lang='lat' dir='ltr'><strong>Card.</strong></span> <span class='ocrx_word' id='word_1_342' title='bbox 1380 4852 1488 4908; x_wconf 84' lang='lat' dir='ltr'><strong>Mansi&#39;s</strong></span> <span class='ocrx_word' id='word_1_343' title='bbox 1510 4852 1591 4908; x_wconf 84' lang='lat' dir='ltr'><strong>addit.</strong></span> <span class='ocrx_word' id='word_1_344' title='bbox 1605 4862 1634 4907; x_wconf 88' lang='lat' dir='ltr'><strong>to</strong></span> <span class='ocrx_word' id='word_1_345' title='bbox 1648 4855 1780 4925; x_wconf 70' lang='lat' dir='ltr'><strong>Rappoldr&#39;</strong></span> <span class='ocrx_word' id='word_1_346' title='bbox 1792 4854 1860 4911; x_wconf 78' lang='lat' dir='ltr'><strong>Arra.</strong></span> <span class='ocrx_word' id='word_1_347' title='bbox 1874 4854 1949 4909; x_wconf 73' lang='lat' dir='ltr'><strong>ans.</strong></span> <span class='ocrx_word' id='word_1_348' title='bbox 1963 4852 1998 4908; x_wconf 81' lang='lat' dir='ltr'><strong>ad</strong></span> <span class='ocrx_word' id='word_1_349' title='bbox 2009 4870 2052 4907; x_wconf 84' lang='lat' dir='ltr'><strong>an.</strong></span> 
     </span>
     <span class='ocr_line' id='line_1_36' title="bbox 589 4936 2062 5011; baseline 0.002 -21"><span class='ocrx_word' id='word_1_350' title='bbox 589 4940 666 4991; x_wconf 79' lang='lat'><strong>1210.</strong></span> <span class='ocrx_word' id='word_1_351' title='bbox 765 4938 903 4995; x_wconf 64' lang='lat' dir='ltr'><strong>’Seethe</strong></span> <span class='ocrx_word' id='word_1_352' title='bbox 915 4937 990 4994; x_wconf 82' lang='lat' dir='ltr'><strong>word</strong></span> <span class='ocrx_word' id='word_1_353' title='bbox 1001 4938 1030 4992; x_wconf 89' lang='lat' dir='ltr'><strong>in</strong></span> <span class='ocrx_word' id='word_1_354' title='bbox 1042 4938 1090 4993; x_wconf 85' lang='lat' dir='ltr'><strong>Du</strong></span> <span class='ocrx_word' id='word_1_355' title='bbox 1103 4939 1188 5011; x_wconf 79' lang='lat' dir='ltr'><strong>Gange</strong></span> <span class='ocrx_word' id='word_1_356' title='bbox 1200 4936 1254 4994; x_wconf 86' lang='lat' dir='ltr'><strong>and</strong></span> <span class='ocrx_word' id='word_1_357' title='bbox 1266 4938 1414 5010; x_wconf 74' lang='lat' dir='ltr'><strong>Requesort.</strong></span> <span class='ocrx_word' id='word_1_358' title='bbox 1504 4937 1683 5001; x_wconf 72' lang='lat' dir='ltr'><strong>qSeeKet&#39;th,</strong></span> <span class='ocrx_word' id='word_1_359' title='bbox 1697 4956 1724 5009; x_wconf 88' lang='lat' dir='ltr'><strong>p.</strong></span> <span class='ocrx_word' id='word_1_360' title='bbox 1739 4939 1784 4997; x_wconf 78' lang='lat'><strong>78.</strong></span> <span class='ocrx_word' id='word_1_361' title='bbox 1881 4937 2062 5011; x_wconf 62' lang='lat' dir='ltr'><strong>‘Knygbtm</strong></span> 
     </span>
     <span class='ocr_line' id='line_1_37' title="bbox 586 5020 730 5077; baseline 0.021 -3"><span class='ocrx_word' id='word_1_362' title='bbox 586 5020 637 5075; x_wconf 88' lang='lat' dir='ltr'><strong>col.</strong></span> <span class='ocrx_word' id='word_1_363' title='bbox 651 5024 730 5077; x_wconf 77' lang='lat'><strong>2420.</strong></span> 
     </span>
    </p>
   </div>
   <div class='ocr_carea' id='block_1_4' title="bbox 0 0 2362 6422">
    <p class='ocr_par' dir='ltr' id='par_1_9' title="bbox 0 0 2362 6422">
     <span class='ocr_line' id='line_1_38' title="bbox 0 0 2362 6422; baseline 0 0"><span class='ocrx_word' id='word_1_364' title='bbox 0 0 2362 6422; x_wconf 95' lang='lat' dir='ltr'><strong> </strong></span> 
     </span>
    </p>
   </div>
  </div>
 </body>
</html>
