4716 6428
622 714 690 782 184
967 703 1286 781 CHRONICA
1319 702 1395 779 DE
1430 702 1720 779 MAILROS.
1834 704 1935 781 Am.
1965 713 2075 783 1258.

569 998 574 1005 .
622 938 798 1000 eteorum
825 923 1039 999 adversarios
1064 924 1313 1007 reformarent3
1338 920 1400 995 sed
1422 946 1459 994 re
1477 945 1573 1006 vera,
1591 932 1630 994 ut
1646 922 1744 994 lama
1763 918 1949 1008 afferebat,
1966 936 2007 997 ut
2023 949 2077 998 re·

607 1038 704 1147 ¹gem
718 1047 845 1120 iterum
858 1055 1026 1144 caperent
1039 1055 1076 1118 et
1092 1044 1211 1118 secum
1229 1040 1276 1116 ad
1293 1064 1415 1141 regem
1430 1039 1563 1141 Anglie
1577 1040 1821 1141 deportarent;
1839 1042 1937 1141 quod
1954 1068 2079 1145 regem

626 1167 753 1241 Scocie
770 1167 914 1239 minime
931 1165 1046 1248 latuit,
1065 1175 1101 1239 et
1118 1164 1200 1238 ideo
1218 1163 1269 1238 eis
1287 1162 1382 1236 diem
1405 1160 1502 1261 apud
1521 1159 1699 1235 Gedewrd
1722 1163 1757 1235 in
1776 1163 1925 1237 crastino
1942 1164 2077 1250 statuit,

622 1288 658 1360 in
676 1288 777 1384 cujus
794 1286 924 1361 foresta
948 1310 1081 1384 magna
1106 1309 1187 1383 pars
1212 1283 1263 1357 sui
1289 1282 1463 1358 exercitus
1484 1282 1561 1381 jam
1579 1293 1654 1355 erat
1678 1281 1846 1357 adunata.
1901 1282 2077 1360 Audierat

559 1484 566 1499 ,
621 1407 793 1505 liquidem
806 1406 902 1505 quod
920 1404 1080 1505 praedicti
1098 1404 1216 1477 nuncii
1230 1403 1431 1478 dimiserant
1444 1400 1646 1476 Johannem
1660 1403 1825 1477 Maunlel
1843 1427 1924 1477 cum
1938 1418 2077 1480 armata

622 1553 732 1601 manu
749 1539 785 1602 et
811 1526 989 1626 praedidtis
1014 1523 1251 1626 proditoribus
1276 1523 1312 1596 in
1335 1523 1478 1598 castello
1496 1522 1541 1597 de
1566 1522 1716 1597 Noram.
1771 1523 2076 1600 Convenientibus

624 1648 731 1748 igitur
748 1648 784 1720 in
802 1647 950 1721 crastino
969 1644 1064 1746 apud
1084 1644 1274 1729 Gedewrd,
1291 1655 1453 1717 mutuum
1470 1641 1671 1717 habuerunt
1687 1645 1762 1719 lere
1788 1670 1851 1744 per
1876 1657 1948 1720 tres
1964 1645 2074 1720 ebdo-

623 1767 749 1842 madas
766 1768 1000 1867 colloquium;
1017 1767 1053 1840 in
1071 1765 1200 1865 quibus
1217 1763 1343 1839 diebus
1362 1763 1540 1839 Robertus
1558 1762 1670 1839 abbas
1686 1762 1927 1840 Calcouienfis
1944 1792 1989 1841 ex
2005 1768 2075 1841 hac

623 1888 704 1962 luce
722 1889 878 1987 eripitur,
896 1902 932 1962 et
952 1887 1124 1961 Patricius
1142 1884 1299 1983 ejusdem
1316 1883 1443 1960 domus
1460 1885 1656 1960 monachus
1674 1885 1707 1958 ei
1724 1884 1945 1987 subrogatur.
2000 1887 2076 1962 Sed
2108 1901 2156 1961 fol.
2170 1913 2216 1967 ss.
2231 1910 2260 1965 b.
2322 1980 2327 1997 Ι

626 2020 662 2083 et
683 2009 782 2082 Scoti
800 2021 837 2082 et
852 2007 1120 2082 Galwithienses
1137 2007 1212 2080 fere
1229 2016 1342 2079 totam
1359 2005 1510 2104 patriam
1527 2005 1624 2079 illam
1642 2004 1848 2105 depopulati
1866 2008 1955 2081 sunt.
1993 2006 2077 2082 Post

625 2155 708 2203 vero
726 2129 964 2228 expletionem
981 2128 1086 2201 trium
1104 2125 1395 2210 ebdomadarum,
1414 2136 1599 2200 cemeutes
1624 2124 1785 2225 praedidti
1808 2127 1927 2201 nuncii
1945 2130 2077 2202 exerci-

626 2262 702 2324 tum
725 2250 849 2324 Scocie
863 2250 939 2348 jam
958 2246 1165 2331 adunatum,
1180 2258 1215 2321 et
1233 2247 1383 2345 superse
1401 2245 1544 2331 irruere,
1561 2244 1736 2320 fimoram
1753 2248 1925 2334 lacerent,
1942 2274 2078 2349 praepa·

626 2384 759 2455 ratum;
777 2371 812 2443 se
831 2371 939 2443 etiam
956 2394 1023 2443 nec
1040 2369 1130 2443 vires
1148 2367 1195 2441 ad
1217 2365 1444 2441 refistendum
1461 2366 1612 2452 habere;
1637 2391 1763 2466 pacem
1781 2367 1872 2442 inter
1889 2369 2078 2468 praedictos

567 2588 574 2595 .
626 2491 822 2591 proditores
840 2501 1016 2563 eteorum
1034 2488 1249 2564 adversarios
1274 2486 1504 2586 pepigerunt3
1531 2501 1566 2561 et
1583 2486 1630 2561 fic
1655 2511 1745 2586 pace
1768 2489 1959 2564 reformata
1976 2491 2079 2565 unul·

627 2611 774 2709 quisque
792 2612 948 2684 reversus
966 2609 1016 2683 est
1035 2609 1081 2683 ad
1098 2609 1250 2708 propria.

680 2730 722 2803 ln
740 2729 798 2803 die
817 2741 937 2804 autem
954 2730 1066 2804 sancti
1086 2728 1275 2802 Michaelis
1296 2728 1402 2828 [Sep.
1417 2728 1481 2828 29]
1499 2729 1673 2828 dompnus
1689 2729 1891 2806 Willelmus
1909 2731 2020 2807 abbas
2033 2732 2079 2807 de
2206 2764 2218 2777 „

630 2850 752 2951 Cupro
770 2850 894 2924 humili
911 2849 1100 2923 devotione
1118 2874 1239 2923 curam
1266 2849 1446 2949 regiminis
1472 2850 1507 2922 in
1526 2850 1681 2949 capitulo
1700 2850 1798 2926 etde
1818 2851 1953 2926 Meiros
1971 2851 2080 2953 depo·

627 2972 710 3056 suit;
729 2971 901 3070 adquam
922 2969 1122 3044 Willelmus
1140 2969 1217 3069 ejus
1235 2969 1435 3043 cellerarius
1453 2970 1647 3069 regendam
1665 2970 1814 3047 acceffit.

679 3091 779 3166 Obiit
797 3091 960 3165 dominus
975 3089 1157 3164 Walterus
1178 3089 1332 3163 Cumirrk
1349 3114 1469 3164 comes
1487 3090 1531 3164 de
1551 3090 1751 3166 Maneteth.

680 3214 782 3297 Item,
796 3210 1005 3286 venerabilis
1023 3223 1124 3311 pater
1136 3211 1252 3285 noster
1266 3210 1483 3286 Willelmus¹
1500 3210 1685 3311 episcopus
1704 3212 1932 3313 Glasguenfis
1950 3214 2079 3313 migra-

629 3335 678 3408 vit
695 3360 739 3408 ex
759 3334 828 3408 hoc
851 3333 981 3417 seculo,
1007 3333 1044 3406 in
1067 3332 1188 3432 vigilia
1211 3332 1323 3407 sancti
1348 3331 1496 3405 Martini
1522 3331 1735 3431 [N0v.10],
1761 3344 1798 3407 et
1822 3334 1859 3406 in
1886 3333 1943 3408 die
1968 3334 2080 3408 sancii

630 3456 738 3529 Bricii
758 3455 870 3555 [Nov.
894 3453 954 3553 13]
977 3454 1072 3553 apud
1091 3453 1226 3527 Melros
1238 3452 1342 3552 juxta
1355 3476 1526 3552 magnum
1544 3452 1655 3526 altare
1673 3452 1850 3553 sepelitur.
1881 3452 1964 3528 Post
1975 3481 2081 3554 quem

628 3575 765 3650 electus
783 3574 834 3649 est
851 3573 1016 3673 magister
1034 3573 1233 3648 Nicholaus
1251 3572 1520 3647 archidiaconus
1538 3572 1583 3648 de
1599 3572 1787 3659 Teuidale,
1806 3585 1843 3648 et
1861 3601 1883 3648 a
1900 3600 1985 3676 rege
2000 3601 2081 3650 con·

630 3696 805 3780 firmatus;
833 3696 892 3794 qui
921 3694 998 3794 post
1025 3694 1305 3793 purificationem
1335 3691 1441 3793 [Feb.
1469 3693 1509 3793 2]
1538 3694 1673 3768 curiam
1698 3692 1900 3769 Romanam
1920 3697 2020 3782 adiit,
2043 3708 2080 3771 ut

631 3842 652 3887 a
670 3816 805 3889 summo
826 3815 992 3914 pontifice
1010 3839 1138 3888 munus
1156 3813 1429 3888 consecrationis
1446 3813 1557 3913 pollet
1575 3814 1795 3914 percipe're.m

639 4026 645 4041 ⁸
682 3935 789 4008 Anno
817 3934 963 4008 Domini
989 3934 1148 4008 n.cc.lirr.
1175 3934 1341 4034 magister
1367 3933 1620 4009 Nicholausmm
1647 3935 1875 4036 Glasguenfis
1900 3936 2035 4013 electus
2058 3964 2080 4010 a

631 4054 728 4127 curia
747 4053 910 4128 Romana
927 4054 998 4128 fine
1016 4079 1162 4127 munere
1180 4053 1451 4128 consecrationis
1473 4055 1688 4153 repatriavit,
1706 4067 1782 4129 tum
1799 4058 1883 4156 quia
1900 4043 2079 4155 quandam

630 4176 802 4248 summam
819 4175 970 4273 pecunie
988 4197 1097 4273 quam
1122 4172 1347 4272 postulabant
1365 4199 1460 4272 papa
1483 4186 1519 4247 et
1537 4174 1734 4250 cardinales
1759 4176 1870 4251 noluit
1886 4177 2079 4277 porrigere,

631 4319 676 4367 ne
695 4295 730 4367 in
749 4294 839 4368 ovile
858 4295 976 4367 ovium
993 4293 1168 4367 videretur
1186 4319 1257 4367 non
1276 4293 1440 4368 introiifie
1458 4320 1521 4393 per
1533 4295 1672 4382 ostium,
1690 4309 1766 4370 tum
1779 4295 1862 4395 quia
1878 4295 1926 4369 hii
1941 4320 2022 4370 cum
2036 4323 2080 4371 eo

632 4414 730 4515 quafi
749 4415 794 4488 ad
813 4414 982 4489 auxilium
999 4424 1180 4498 venerant,
1198 4413 1296 4488 veria
1313 4414 1390 4488 vice
1416 4427 1539 4489 contra
1565 4441 1647 4491 eum
1673 4417 1756 4491 totis
1780 4415 1909 4491 viribus
1928 4415 2080 4491 stabant.

638 4537 800 4623 Quorum
829 4547 936 4634 caput
966 4534 1081 4609 extitit
1105 4532 1150 4606 R.
1175 4534 1312 4608 erectus
1336 4534 1635 4634 Dunblapinenfis,
1663 4539 1724 4636 qui
1748 4549 1893 4612 cecatus
1916 4538 2082 4622 elatione,

669 4768 680 4798 ¹¹
697 4769 870 4831 SeeFordun,
884 4767 910 4820 ii.
925 4769 967 4829 92,
983 4764 1044 4819 who
1056 4774 1138 4820 states
1150 4764 1209 4820 that
1221 4765 1256 4820 he
1269 4783 1322 4820 was
1335 4766 1464 4837 poisoned
1475 4767 1509 4838 by
1521 4766 1562 4820 his
1575 4765 1643 4821 wife.
1716 4766 1725 4800 ¹
1741 4767 1855 4831 Fordan‚
1866 4768 1893 4822 ii.
1903 4772 1946 4822 92.
2020 4767 2039 4791 '⁰
2055 4768 2085 4821 ln

632 4853 679 4905 the
691 4853 798 4923 margin,
812 4852 901 4925 nearly
913 4852 1034 4923 opposite
1045 4850 1106 4913 this,
1121 4868 1165 4904 are
1177 4868 1194 4905 a
1205 4850 1256 4906 few
1269 4850 1445 4908 half-delaoed
1457 4851 1551 4915 words,
1565 4851 1598 4906 of
1605 4850 1692 4906 which
1707 4859 1725 4884 ‘⁸
1736 4892 1743 4905 .
1756 4892 1763 4905 .
1776 4893 1783 4907 .
1797 4863 1824 4907 et
1833 4853 1859 4906 J.
1871 4852 1905 4908 de
1916 4853 1998 4918 Ros‚”
2009 4853 2086 4907 alone

631 4953 676 4991 are
687 4936 788 5007 legible.
898 4935 938 4961 ”¹¹¹¹
950 4938 1065 4999 Foederc,
1079 4936 1096 4989 i.
1111 4937 1172 4994 387.
