4716 6428
576 694 624 769 86
903 689 1225 766 CHRONICA
1259 688 1334 763 DE
1371 686 1664 763 MAILROS.
1810 688 2040 773 nurus.

628 906 707 981 Rex
726 906 834 980 etiarn
860 896 1064 978 Scottorum
1085 901 1298 987 WillelmuS,
1317 914 1439 976 vetera
1464 892 1621 1001 dampna
1641 924 1733 975 novo
1752 900 2042 976 conflicturesar·

577 1030 648 1103 cire
667 1030 821 1127 sperans
840 1025 934 1100 bella
952 1024 1121 1098 immania
1139 1026 1201 1124 pei
1219 1021 1362 1097 confilia
1383 1023 1507 1122 iniqua
1524 1032 1648 1096 contra
1665 1031 1860 1121 cognatum
1878 1034 1914 1096 et
1932 1023 2044 1098 domi·

577 1174 663 1223 num
680 1150 793 1233 suum,
820 1146 1015 1220 Henricum
1039 1170 1162 1244 regem
1178 1143 1311 1243 Anglie
1339 1144 1521 1228 instaurat,
1550 1154 1586 1217 et
1614 1168 1695 1217 cum
1723 1142 1860 1242 ingenti
1886 1144 2044 1218 exercitu

577 1270 691 1343 castra
708 1279 863 1342 metatus
882 1266 933 1340 est
951 1277 1033 1339 ante
1051 1265 1203 1339 castrum
1216 1264 1314 1363 quod
1328 1263 1438 1337 Werc
1454 1263 1668 1348 nominatur,
1687 1274 1724 1337 et
1733 1288 1870 1338 moram
1884 1265 2044 1364 aliquan·

577 1390 693 1464 tulum
706 1387 840 1462 ibidem
860 1387 958 1471 fecit,
976 1386 1037 1459 sed
1060 1385 1167 1459 nichil
1191 1385 1270 1484 plus
1288 1384 1450 1484 profecit.
1505 1382 1695 1457 Profectus
1719 1395 1841 1458 autem
1863 1385 1946 1459 inde
1969 1411 2043 1470 rex,

577 1535 748 1609 magnam
778 1519 916 1608 partem
945 1505 1202 1580 Northumbrie
1235 1505 1349 1579 Scotti
1380 1501 1568 1580 crudeliter
1599 1504 1683 1605 igne
1714 1504 1989 1593 combufierunt,
2008 1520 2044 1581 et

579 1629 721 1729 plebem
750 1629 827 1727 ejus
854 1628 1020 1702 ferociter
1048 1627 1169 1726 gladio
1195 1623 1595 1699 transverberaveruntl‘
1647 1624 1736 1700 Inde
1763 1625 1810 1701 ad
1836 1626 2045 1726 Carlegium

578 1750 644 1823 iter
667 1761 864 1834 recurvant,
879 1761 914 1821 et
933 1749 1112 1821 civitatem
1136 1748 1219 1820 totis
1237 1745 1367 1819 viribus
1385 1726 1608 1845 oppugnant,
1631 1745 1693 1820 fed
1716 1747 1891 1820 exercitus
1911 1746 2044 1847 Anglie

578 1869 739 1943 fimulato
759 1896 780 1942 a
799 1868 1010 1968 quibusdam
1029 1879 1064 1941 ct
1082 1867 1278 1967 fignificato
1297 1866 1464 1950 adventu,
1483 1866 1570 1964 fuge
1589 1866 1809 1940 se'velociter
1826 1865 2010 1941 dederunt.

630 1989 806 2063 Miracula
840 2014 974 2088 magna
1001 1999 1050 2079 et,
1067 1987 1226 2061 inaudita
1249 2011 1312 2087 per
1335 1985 1480 2061 beatum
1509 1998 1698 2086 martyrem
1724 1986 1902 2060 Thomam
1932 1988 2043 2061 archi·

578 2111 762 2210 praesulem
780 2109 880 2183 facta
898 2109 1029 2181 suntin
1049 2107 1195 2207 Anglia.

631 2230 845 2305 Tonitruum
862 2229 1028 2303 horribile
1046 2228 1174 2328 mugiit
1192 2227 1274 2326 xvij.
1295 2225 1466 2301 kalendas
1488 2226 1708 2327 Septembris
1730 2227 1846 2326 [Aug.
1869 2225 1944 2326 16].

631 2351 746 2426 Tuffis
765 2351 921 2450 quedam
944 2350 1040 2424 mala
1058 2360 1094 2423 et
1117 2347 1278 2422 inaudita
1298 2372 1422 2422 omnes
1443 2349 1519 2422 fere
1541 2348 1650 2449 longe
1673 2348 1818 2448 lateque
1843 2349 2042 2448 occupavit,

580 2474 616 2545 in
634 2497 706 2571 qua
724 2472 779 2545 vel
799 2497 842 2545 ex
861 2497 934 2570 qua
952 2470 1049 2570 peste
1067 2469 1168 2543 multi
1185 2469 1314 2543 mortui
1333 2469 1423 2542 sunt.

632 2590 809 2665 Robertus
837 2616 956 2664 comes
977 2590 1216 2689 Legecestrie,
1235 2614 1306 2663 una
1332 2614 1413 2661 cum
1440 2589 1595 2688 conjuge
1613 2590 1686 2673 sua,
1713 2589 1749 2662 in
1777 2588 1906 2663 finibus
1930 2591 2041 2665 sancti
2141 2688 2146 2696 Ι

578 2710 776 2785 AEdmundi
791 2723 917 2810 captus
931 2709 1009 2795 est,¹
1026 2721 1063 2783 et
1081 2709 1240 2783 custodia
1251 2708 1439 2783 arctiffima
1450 2709 1594 2808 pofitus.
1634 2709 1708 2783 Sed
1726 2722 1762 2783 et
1778 2708 2042 2784 Flandrcnfium

579 2832 732 2932 populus
758 2831 914 2904 infinitus
942 2857 963 2903 a
990 2829 1118 2904 finibus
1145 2830 1215 2903 suis
1239 2827 1394 2928 egrefiirs
1422 2843 1461 2901 ut
1489 2829 1576 2902 fines
1604 2829 1738 2928 Anglie
1761 2842 1988 2929 occuparent,
2007 2830 2042 2905 in

579 2952 710 3026 eisdem
727 2951 855 3024 finibus
874 2950 1003 3051 quibus
1017 2963 1053 3024 et
1066 2975 1198 3034 comes,
1213 2949 1351 3023 cursum
1369 2950 1520 3024 fixerunt
1539 2961 1574 3022 et
1588 2950 1697 3024 vitam
1714 2950 1891 3025 finierunt.
1929 2950 2044 3025 Bene·

579 3072 697 3145 draus
717 3072 819 3145 Deus
837 3073 897 3171 qui
916 3071 1069 3171 perdidit
1087 3071 1226 3169 impios,
1244 3095 1290 3143 ne
1308 3070 1497 3168 perderent
1515 3071 1609 3170 pios!

631 3192 738 3265 Anno
750 3192 950 3290 naclxxiiij.
966 3190 1053 3264 obiit
1071 3189 1164 3264 bone
1178 3190 1348 3264 memorie
1362 3191 1571 3289 Ingeramus
1585 3190 1770 3290 episcopus
1783 3189 2042 3275 Glafconenfis‚

579 3313 614 3385 in
633 3312 691 3386 die
709 3312 962 3412 purificationis
982 3311 1087 3384 beate
1107 3310 1224 3384 Maric
1251 3309 1358 3408 [Feb.
1377 3310 1433 3408 2]‚
1451 3310 1624 3385 kalendas
1643 3310 1807 3384 Martium

631 3431 732 3507 Obiit
751 3431 937 3507 Ascelinus
959 3433 1091 3533 primus
1115 3430 1227 3506 abbas
1246 3431 1290 3505 de
1311 3430 1437 3505 Kinlos
1454 3432 1489 3504 in
1510 3431 1690 3516 Mureuia,
1710 3431 1766 3505 cui
1787 3432 1823 3505 in
1843 3431 1923 3506 loco
1942 3432 2042 3505 mini·

578 3553 670 3628 sterii
689 3554 794 3651 hujus
807 3553 995 3628 Reinerius
1012 3552 1181 3637 succelfit,
1200 3549 1464 3626 monachusde
1484 3550 1655 3649 Meylros.

631 3672 731 3748 Obiit
747 3672 918 3747 Olbertus
936 3674 1068 3773 primus
1083 3671 1195 3745 abbas
1206 3671 1251 3746 de
1265 3671 1287 3745 J
1290 3670 1506 3756 eddewrtha,
1519 3671 1577 3744 cui
1589 3669 1747 3745 succelfit
1759 3668 1935 3746 Ricardus
1953 3671 2041 3770 ejus·

578 3793 660 3867 dem
679 3793 891 3867 cellerarius.

628 3912 810 3986 Jocelinus
837 3911 949 3985 abbas
975 3911 1175 4009 monasterii
1194 3911 1239 3984 de
1259 3911 1567 3996 Melros,numero
1582 3912 1683 4010 iiijtc,
1702 3936 1724 3984 a
1742 3911 1849 3997 clero,
1868 3938 1890 3985 a
1907 3912 2041 4013 populo

579 4032 746 4131 exigente
765 4043 801 4104 et
827 4056 913 4130 rege
931 4032 1005 4130 ipso
1025 4030 1250 4116 afienciente‚
1265 4031 1312 4104 ad
1331 4031 1515 4106 ecclefiam
1536 4031 1789 4106 Glafcuensem
1808 4032 1924 4131 presul
1942 4032 2041 4132 eligi·

579 4163 646 4235 tur,
665 4177 699 4224 x.
722 4150 895 4225 kalendas
906 4150 1003 4224 Junii
1025 4150 1131 4250 [Maij
1146 4150 1210 4249 23]
1232 4150 1328 4249 apud
1344 4151 1429 4226 Pert
1442 4153 1477 4225 in
1500 4152 1643 4238 Scotia3
1661 4152 1712 4225 vir
1725 4152 1820 4226 mitis
1830 4164 1867 4226 et
1889 4153 2041 4251 morige-

580 4283 689 4355 ratus
708 4271 758 4343 vir
776 4272 981 4344 mansuetus
999 4282 1035 4344 et
1052 4271 1268 4344 moderatus.

631 4390 833 4465 Willelmus
847 4415 907 4464 rex
929 4390 1051 4464 Scotie
1065 4392 1179 4465 rursus
1194 4391 1387 4465 exercitum
1401 4391 1559 4466 Alnewic
1571 4392 1709 4478 direxit,
1723 4393 1831 4466 immo
1844 4393 1918 4493 ipse
1929 4393 2040 4476 duxit,

579 4512 709 4586 multos
726 4512 876 4611 fugavit,
894 4511 1025 4585 multos
1042 4511 1255 4609 prostravit⁰

617 4685 628 4716 ¹¹
640 4684 1235 4748 SeeDicea,eol.s01.5ra;1{0ved.s01.aos;
1252 4686 1289 4739 W.
1301 4686 1431 4757 newbug.
1440 4687 1466 4738 ii.
1478 4690 1527 4747 30;
1538 4686 1583 4740 M.
1594 4688 1679 4750 Paris,
1693 4705 1720 4757 p.
1729 4691 1773 4741 89.
1813 4686 1820 4720 ¹
1830 4688 1978 4758 Bronpaton,
1988 4688 2039 4742 col.

583 4774 660 4824 1089.
747 4768 766 4793 ”¹
777 4770 801 4823 lt
810 4770 832 4822 is
840 4770 951 4823 obvious
958 4769 1017 4822 that
1024 4768 1070 4821 the
1078 4778 1135 4822 text
1142 4770 1164 4822 is
1174 4786 1272 4839 wrong,
1287 4769 1366 4823 when
1375 4771 1396 4823 it
1405 4771 1538 4824 considers
1550 4770 1597 4825 the
1606 4770 1674 4825 feast
1682 4770 1713 4824 os
1721 4771 1767 4825 the
1779 4770 1947 4826 Purification
1955 4790 1984 4827 as
1994 4772 2041 4827 the

580 4856 752 4911 samosathe
768 4854 965 4926 lstoslllarch.
1005 4855 1029 4907 lt
1041 4872 1102 4924 may
1113 4855 1146 4907 be
1167 4855 1337 4926 conjectured
1354 4855 1413 4909 that
1431 4856 1483 4909 this
1505 4857 1605 4911 second
1623 4856 1684 4911 date
1702 4857 1810 4927 belongs
1831 4867 1860 4911 to
1878 4857 1925 4911 tho
1943 4858 2000 4911 obit
2012 4856 2045 4911 of

578 4939 625 4993 the
637 4941 716 4994 abbat
728 4939 760 4993 of
770 4939 873 5003 Kinlos,
887 4941 935 4993 but
947 4938 994 4993 the
1006 4949 1186 5008 arrangement
1199 4940 1231 4992 os
1238 4939 1284 4992 the
1300 4940 1359 4995 MS.
1371 4941 1392 4993 is
1402 4939 1534 4995 followed.
1643 4941 1657 4965 ⁰
1673 4941 1703 4995 ln
1716 4941 1763 4995 the
1772 4943 1878 5012 margin,
1893 4950 1911 4973 ‘⁸
1921 4942 1947 5012 ij.
1959 4943 2040 4996 abbas

579 5024 613 5078 de
627 5024 756 5094 Kynlos.''
794 5023 1072 5078 Thisnotehasbeen
1085 5023 1176 5094 nearly
1187 5025 1287 5078 erased.
1354 5032 1357 5037 '
1397 5024 1409 5048 ⁰
1425 5024 1476 5080 See
1494 5028 1613 5089 Geram,
1628 5025 1679 5080 col.
1696 5028 1772 5089 1427,
1787 5026 1999 5081 sorauaccount
2012 5026 2045 5080 of

580 5108 627 5163 the
639 5109 760 5163 cruelties
774 5109 861 5164 which
874 5108 1000 5163 attended
1012 5109 1065 5162 this
1072 5108 1213 5213 irruption.
