4710 6434
290 1316 334 1371 tot.
349 1320 374 1369 4.

444 728 546 803 A.D.
575 734 659 801 820.
814 724 1135 802 CHRONICA
1171 725 1242 802 DE
1277 726 1565 804 MAILROS.

492 934 600 1007 Anno
619 958 782 1007 neccax.

490 1053 597 1126 Anno
616 1077 717 1126 nece.
737 1053 808 1150 xxj.
831 1052 971 1126 Cenwlf
986 1077 1047 1125 rex
1067 1053 1285 1128 Merciorum
1303 1054 1402 1139 obiit,
1422 1056 1478 1129 cui
1500 1055 1693 1130 Ceolwlfus
1711 1058 1879 1133 succeffit.

491 1173 598 1245 Anno
617 1172 807 1271 necexxij.

486 1292 597 1381 ,Anno
616 1292 817 1390 neccxxiij.
840 1289 1032 1365 Ceolwlfus
1050 1317 1198 1392 regnum
1227 1293 1445 1369 Merciorum
1472 1294 1584 1369 amifit
1601 1298 1698 1395 quod
1725 1299 1758 1371 ei
1783 1296 1892 1371 Beor-

438 1412 557 1485 nullus
574 1411 730 1510 diripuit.

489 1531 596 1604 Anno
615 1531 827 1629 neccxxiiij.
856 1529 1019 1630 Estangli
1037 1531 1243 1605 occiderunt
1266 1531 1500 1607 Beornulfum
1522 1558 1645 1633 regern
1669 1535 1886 1609 Merciorum

437 1644 473 1717 in
491 1643 615 1742 preli0,
634 1644 691 1717 eui
709 1640 867 1717 iuceeffit
886 1640 1070 1716 Lueeden.

488 1762 628 1836 Eodem
640 1787 733 1837 anno
756 1762 950 1835 maximum
968 1761 1117 1860 prelium
1130 1762 1197 1836 fuit
1215 1764 1305 1838 inter
1320 1763 1484 1839 Britones
1502 1777 1538 1838 et
1555 1776 1700 1865 gentem
1716 1765 1883 1841 Dauene-

437 1884 522 1957 seire
540 1882 636 1981 apud
657 1882 911 1957 Gauelforde.⁸

488 2001 669 2102 Egbertus
686 2027 748 2076 rex
765 2000 1036 2076 Westsaxonum
1053 2002 1191 2101 fugavit
1207 2001 1424 2077 Baldredum
1443 2028 1565 2104 regern
1579 2004 1731 2088 Canbae,
1747 2018 1782 2078 et
1801 2005 1890 2078 obti-

438 2123 515 2196 nuit
533 2146 683 2220 regnum
702 2122 792 2220 ejus.

487 2241 594 2314 Anno
613 2266 796 2316 nccexxv.
819 2239 989 2314 Luceden
1007 2265 1069 2314 rex
1096 2241 1312 2315 Merciorum
1331 2242 1465 2317 occisus
1491 2243 1554 2326 est,
1579 2254 1615 2316 et
1633 2244 1790 2341 quinque
1809 2268 1892 2316 con·

435 2363 526 2436 sules
544 2361 621 2460 ejus
639 2385 720 2434 cum
738 2386 794 2435 eo.
851 2358 982 2434 llllilaet
1000 2359 1167 2433 succeffit.

486 2480 595 2555 Anno
613 2480 811 2578 nccexxvj.

486 2601 592 2673 Anno
607 2600 816 2698 neccarxvij.
838 2598 1018 2699 Egbertus
1042 2626 1102 2674 rex
1121 2601 1395 2674 occidentalium
1413 2601 1595 2676 Saxonum
1613 2604 1752 2702 fugavit
1767 2602 1886 2676 Wilac

434 2744 555 2819 regern
575 2720 805 2804 Merciorum,
824 2731 859 2793 et
877 2718 1030 2792 obtinuit
1048 2745 1197 2820 regnum
1215 2721 1305 2819 ejus.

486 2839 593 2914 Anno
611 2839 835 2938 neccxxviij.
863 2864 922 2912 rex
942 2838 1123 2939 Egbertus
1148 2852 1267 2913 motus
1292 2840 1438 2938 pietate,
1460 2841 1579 2915 Wilac
1607 2842 1683 2941 regi
1712 2842 1888 2917 Merciam

435 2958 599 3034 concessit
615 2973 737 3034 tenere
755 2959 800 3033 de
819 2960 866 3032 se.

485 3079 568 3164 Quo
587 3104 693 3164 anno,
712 3079 807 3153 idem
825 3104 886 3152 rex
906 3077 1086 3178 Egbertus
1103 3078 1166 3154 libi
1178 3079 1216 3153 N
1218 3080 1437 3153 ordwalanos
1455 3093 1602 3154 armatae
1619 3105 1748 3156 manus
1766 3095 1891 3180 poten·

434 3201 484 3272 tia
502 3198 716 3299 subjugavit.

485 3318 592 3391 Anno
611 3318 808 3391 neeexrix.
841 3315 1004 3388 Wlfredo
1024 3316 1286 3414 archiepiscopo
1318 3316 1577 3390 Cantuasrenfi¹¹
1604 3317 1778 3392 defuneto
1817 3318 1887 3391 Ce-

434 3438 622 3511 olnothusw
640 3435 808 3509 succeffit.

486 3557 593 3629 Anno
612 3579 796 3628 neccaxx.

486 3676 594 3747 Anno
612 3674 811 3771 neccaxxj.

485 3795 593 3868 Anno
612 3792 822 3891 neccaxxij.
839 3791 932 3865 Daci
951 3792 1129 3865 redierunt
1147 3792 1382 3893 inAngliam,
1400 3805 1436 3867 et
1453 3793 1689 3892 predaverunt
1708 3793 1886 3895 Peseige.²

485 3914 592 3987 Anno
610 3912 835 4011 nccexxxiij.
855 3911 994 3985 advecti
1009 3911 1088 3986 sunt
1103 3911 1200 3986 Dani
1219 3938 1300 3987 eum
1314 3937 1417 3986 xxxv.
1436 3911 1615 4011 puppibus
1627 3913 1769 4013 magnis
1792 3916 1887 4013 apud

437 4034 617 4117 Karrum,y
634 4045 758 4105 eontra
781 4057 872 4129 quos
899 4032 1072 4130 pugnavit
1100 4030 1281 4132 Egbertus
1306 4056 1379 4116 rex,
1397 4031 1458 4105 sed
1477 4031 1741 4130 prevalentibus
1759 4034 1810 4107 eis
1828 4059 1888 4132 pe-

435 4156 566 4227 rierunt
584 4178 627 4225 ex
654 4164 754 4249 parte
773 4149 924 4250 Egberti
942 4150 1097 4248 episcopi
1123 4151 1196 4224 duo
1216 4149 1440 4225 Heresridus²
1463 4162 1499 4223 et
1521 4150 1733 4251 Wigsridus,
1758 4165 1794 4228 et
1817 4154 1888 4227 duo

435 4274 544 4348 duces
560 4271 694 4345 Dudda
708 4282 745 4345 et
766 4269 956 4344 Osmodus.

471 4589 643 4658 'According
661 4600 690 4642 to
709 4588 814 4647 Gibson,
828 4586 881 4640 this
894 4587 916 4639 is
931 4585 1087 4647 Carnelsord,
1111 4586 1234 4658 formerly
1255 4586 1407 4649 Gaffelford,
1429 4588 1456 4640 in
1481 4588 1621 4642 Cornwnll.
1757 4590 1887 4659 ‘Wiglat

435 4678 496 4727 Sat.
511 4675 600 4728 chon.
688 4670 700 4693 ⁸¹
717 4669 921 4724 cantuariensi?
1015 4668 1031 4689 '
1047 4669 1107 4722 The
1122 4668 1263 4723 Chronicle
1275 4670 1353 4723 omits
1361 4681 1390 4724 to
1400 4671 1487 4724 notice
1499 4670 1641 4739 Feolog‘ld,
1652 4669 1715 4724 who
1724 4688 1778 4724 was
1788 4672 1890 4724 elected

433 4775 469 4811 on
481 4756 528 4810 the
547 4756 613 4809 toth
631 4754 664 4809 of
680 4753 763 4825 April,
786 4754 839 4808 and
858 4753 919 4806 died
938 4770 1010 4822 upon
1030 4753 1077 4806 the
1096 4753 1162 4807 aoth
1182 4752 1214 4806 of
1231 4755 1343 4821 August.
1389 4756 1450 4807 Sar.
1471 4756 1561 4808 Cliton.
1726 4753 1737 4775 ¹
1755 4754 1887 4824 Sceapige,

435 4843 495 4894 Sus.
515 4840 624 4899 Chron.,·
652 4856 712 4892 now
735 4837 849 4908 Shepey,
871 4838 898 4890 in
927 4836 1008 4890 Kent.
1130 4834 1226 4890 'Now
1242 4835 1415 4898 Charmouth
1437 4838 1464 4889 in
1486 4835 1662 4889 Dorsetshire.
1720 4832 1887 4888 'Hereserth

433 4923 486 4977 aad
506 4923 609 4993 wigen,
632 4923 811 4981 dractona
830 4921 879 4974 but
897 4919 944 4973 the
964 4920 1042 4974 Laud
1058 4919 1112 4973 and
1142 4921 1206 4974 con.
1232 4918 1317 4973 MSS.
1340 4919 1409 4973 have
1432 4919 1569 4989 Wigt'erth,
1593 4918 1647 4973 and
1667 4917 1733 4971 such
1753 4935 1838 4971 seems
1860 4928 1888 4970 to

435 5006 503 5060 have
515 5006 583 5060 been
595 5004 642 5059 the
654 5004 760 5073 reading
772 5003 804 5057 os
811 5002 857 5057 the
870 5020 937 5074 copy
950 5002 1089 5073 employed
1101 5003 1128 5056 in
1141 5001 1187 5057 the
1200 5002 1339 5057 sonnation
1352 5001 1384 5056 of
1392 5002 1438 5056 the
1451 5013 1508 5056 text
1520 5002 1552 5055 ol
1560 5019 1609 5056 our
1624 5001 1773 5055 Chronicle.
