4716 6428
491 718 594 794 Ar).
627 724 732 791 1244.
854 713 1174 789 CHRONICA
1210 714 1280 788 DE
1315 713 1606 790 MAILROS.
1888 722 1954 797 159

488 930 714 1004 multitudine
752 928 942 1002 Ierusalem
979 928 1200 1012 invadentes
1241 929 1458 1002 intraverunt
1493 930 1672 1002 civitatem
1707 928 1858 1001 eandem
1894 928 1952 1000 die

488 1051 584 1136 lune,
602 1050 792 1124 undecimo
811 1046 937 1122 mensis
954 1047 1053 1146 Julij.
1110 1047 1297 1122 Christiani
1317 1074 1400 1123 vero
1424 1049 1485 1148 qui
1512 1047 1559 1122 ibi
1585 1048 1733 1122 aderaut
1757 1047 1802 1121 ad
1827 1047 1951 1120 domos

488 1170 678 1268 hospitales
701 1182 737 1243 et
759 1169 948 1243 Ierusalem
973 1168 1131 1252 ecclesie,
1156 1194 1227 1267 que
1253 1169 1331 1242 suut
1355 1169 1536 1268 contigue,
1561 1171 1737 1242 recursum
1764 1167 1950 1250 habentes,

485 1302 522 1361 et
539 1291 574 1363 se
592 1289 846 1362 munitionibus
863 1289 991 1388 ligneis
1010 1299 1045 1362 et
1069 1289 1347 1388 propugnaculis
1365 1288 1515 1387 lapideis
1533 1288 1781 1372 defendentes,
1800 1288 1860 1361 illa
1878 1288 1948 1370 die,

485 1420 665 1483 annuente
691 1409 929 1483 misericordia
955 1407 1039 1482 Jesu
1065 1407 1206 1493 Christi,
1234 1409 1279 1484 de
1307 1408 1498 1507 sepedistis
1524 1409 1739 1508 nequissrmis
1763 1408 1948 1482 vistoriam

485 1529 696 1613 habuerunt,
715 1529 834 1628 plures
852 1529 1066 1627 perimentes
1084 1554 1128 1602 ex
1146 1528 1237 1627 ipsrs.
1293 1528 1347 1602 Illi
1365 1541 1486 1602 tamen
1506 1555 1587 1602 cum
1605 1554 1676 1601 nou
1695 1528 1830 1627 possent
1848 1530 1948 1602 suum

485 1648 700 1748 propositum
715 1649 923 1748 adimplere,
935 1674 1016 1721 cum
1031 1647 1235 1722 coufusrone
1250 1649 1378 1723 exinde
1392 1649 1627 1733 discedentes,
1638 1648 1821 1722 ecclesiam
1836 1648 1947 1721 sensti

488 1769 609 1842 lacobi
634 1770 872 1843 Armenorum
896 1767 996 1841 srtam
1020 1769 1055 1840 iu
1080 1768 1223 1841 civitate
1247 1769 1374 1842 eadem
1401 1794 1464 1868 per
1487 1769 1693 1843 violentiam
1718 1781 1888 1868 ceperunt
1913 1780 1948 1841 et

484 1890 729 1973 inconsultam,
744 1900 781 1963 et
798 1889 916 1987 plures
934 1888 1096 1961 inventos
1110 1888 1145 1960 iu
1159 1886 1287 1961 eadem
1306 1888 1454 1962 ecclelia
1470 1889 1659 1973 Armenos,
1674 1888 1893 1987 presbyteros
1912 1901 1948 1960 et

484 2010 630 2083 clericos
657 2021 693 2082 et
720 2009 843 2092 laicos,
872 2009 907 2080 in
936 2033 997 2081 ore
1025 2007 1136 2107 gladii
1163 2008 1422 2093 maslaverunt,
1448 2008 1693 2108 decapitantes
1717 2008 1946 2081 castellanum

483 2130 717 2228 imperialem,
736 2141 772 2202 et
790 2139 1046 2227 praeceptorem
1072 2126 1267 2227 Hospitalis
1285 2129 1397 2203 sanc'ti
1415 2128 1619 2214 Johanniss
1636 2131 1696 2228 qui
1720 2130 1765 2203 ad
1788 2153 1947 2227 pugnam

483 2263 606 2322 contra
625 2274 687 2322 eos
705 2249 848 2322 viriliter
866 2249 1039 2322 exierunt.
1095 2248 1161 2321 llla
1177 2261 1298 2323 tamen
1317 2250 1375 2322 die
1394 2250 1439 2324 de
1458 2251 1605 2325 civitate
1620 2250 1758 2349 repulsi,
1777 2249 1824 2323 ad
1848 2247 1948 2321 habi·

483 2370 615 2452 tacula,
634 2394 705 2467 que
727 2393 838 2467 prope
863 2368 1042 2443 civitatem
1069 2371 1240 2452 fecerant,
1264 2369 1343 2441 sunt
1366 2370 1503 2443 reversi.
1559 2370 1693 2444 Presati
1712 2395 1795 2443 vero
1816 2369 1948 2441 leroso-

482 2488 594 2560 limite
612 2513 703 2585 quos
721 2487 873 2586 m[u]lta
891 2486 1055 2586 angustia
1072 2486 1301 2586 perurgebat,
1324 2513 1346 2560 a
1368 2488 1471 2562 nobis
1489 2490 1688 2562 succursum
1711 2486 1948 2562 instantissime

483 2606 723 2708 requirebant,
751 2607 797 2680 ad
823 2632 888 2681 nos
910 2616 946 2681 el
972 2605 1019 2680 ad
1045 2606 1134 2680 alios
1155 2605 1375 2682 Christianos
1392 2608 1528 2683 litteras
1552 2620 1589 2682 et
1612 2610 1761 2683 nuncios
1778 2607 1947 2707 sepiffime

482 2728 776 2813 transmittentem
802 2727 863 2800 sed
882 2752 963 2800 cum
981 2751 1052 2800 uon
1079 2727 1191 2825 posset
1210 2727 1435 2826 aliquatenus
1460 2729 1511 2803 eis
1530 2727 1703 2802 subveniri
1723 2728 1768 2802 de
1786 2729 1946 2803 succursu

483 2848 607 2945 petito,
626 2873 670 2921 eo
689 2848 786 2946 quod
809 2846 968 2922 hostibus
992 2846 1149 2947 undique
1175 2848 1256 2921 loca
1282 2849 1443 2946 proxima
1461 2849 1774 2933 circumdantibus,
1797 2848 1860 2922 nisr
1884 2874 1946 2947 per

485 2966 773 3042 Corosminorum
792 2967 986 3042 exercitum
1005 2967 1052 3041 ad
1069 2968 1250 3042 civitatem
1267 2993 1338 3041 non
1357 2968 1506 3068 patebat
1524 2970 1691 3055 accessus,
1710 2969 1946 3068 compassione

483 3088 665 3187 multiplici
696 3087 956 3187 compatientes
987 3088 1119 3162 eisdem
1146 3100 1183 3162 et
1210 3089 1245 3161 in
1275 3114 1398 3162 eorum
1427 3089 1675 3163 afflictionibus
1703 3116 1763 3163 cor
1791 3088 1945 3162 nostrum

483 3209 719 3283 amaritudine
746 3207 960 3307 replebatur.
1015 3207 1150 3282 Verum
1169 3209 1263 3283 circa
1289 3234 1411 3282 eorum
1435 3208 1622 3282 subsrdium
1650 3210 1733 3282 totis
1757 3207 1945 3282 assessibus

483 3328 719 3412 intendentes,
746 3328 1003 3402 deliberatione
1033 3329 1211 3401 communi
1240 3329 1465 3427 suscepimus,
1492 3342 1531 3402 ut
1556 3329 1601 3402 ad
1621 3329 1806 3402 Vassarum
1831 3327 1943 3400 solda-

482 3472 580 3531 num,
611 3448 656 3521 de
685 3449 885 3532 contrastu,
914 3449 974 3547 qui
1006 3448 1052 3522 de
1077 3473 1170 3522 novo
1199 3473 1280 3521 cum
1308 3448 1515 3522 Christianis
1542 3448 1753 3547 quibusdam
1779 3461 1943 3545 treugam

481 3568 621 3651 inierat,
650 3568 862 3653 mitteretur3
890 3580 929 3641 ut
957 3569 1035 3667 ejus
1063 3568 1193 3642 auxilio
1223 3569 1390 3667 praesatus
1419 3569 1571 3667 populus
1599 3572 1710 3668 usque
1738 3568 1784 3641 ad
1812 3580 1941 3640 terram

485 3686 764 3762 Christianorum
787 3689 1012 3762 securitatem
1042 3688 1255 3787 susciperent
1281 3701 1317 3761 et
1345 3689 1576 3762 condustum.
1631 3688 1792 3763 Misimus
1820 3689 1941 3786 itaque

481 3833 563 3881 cum
596 3808 721 3883 litteris
754 3809 879 3883 nostris
909 3809 955 3882 ad
986 3808 1169 3883 soldanum
1200 3808 1354 3883 eundem
1388 3809 1586 3908 solempnes
1622 3810 1782 3893 nuncios,
1813 3808 1943 3906 quibus

481 3928 644 4003 dedimus
668 3930 703 4003 in
722 3929 912 4014 mandatis
931 3942 970 4003 ut
989 3929 1111 4003 audita
1134 3927 1369 4028 responsione,
1387 3954 1468 4003 cum
1492 3929 1570 4028 ejus
1593 3930 1775 4003 condustu
1798 3930 1943 4027 fratrem

485 4049 669 4123 Simonem
698 4049 743 4122 de
771 4049 895 4123 ordine
924 4049 1201 4123 Praedicatorum
1230 4050 1265 4122 iu
1292 4048 1483 4123 Ierusalem
1511 4050 1710 4133 accederet,
1740 4050 1943 4124 confortans

481 4171 652 4268 populum
673 4168 925 4255 Christianum,
950 4182 986 4243 et
1004 4182 1042 4243 ut
1061 4169 1193 4244 eisdem
1211 4169 1432 4244 denuncians
1450 4169 1584 4244 soldani
1609 4171 1810 4269 responsum
1834 4168 1942 4245 conli-

482 4289 622 4364 deraret
639 4290 770 4363 statum
788 4304 879 4364 terre
898 4302 934 4364 et
952 4290 1086 4390 populi,
1105 4302 1141 4364 et
1159 4289 1262 4365 nobis
1279 4291 1399 4364 omnia
1417 4290 1660 4365 denunciaret.
1708 4290 1836 4389 ltaque
1854 4314 1942 4362 uun·

481 4411 544 4483 ciis
562 4409 743 4508 praedictis
765 4411 952 4509 praesatum
971 4409 1154 4484 soldanum
1172 4412 1346 4485 contrasti
1374 4411 1600 4496 adeuntibus,
1618 4423 1655 4485 et
1681 4436 1743 4509 pro
1763 4410 1942 4484 conduslo

481 4528 653 4628 praedisto
671 4530 860 4631 diligenter
878 4529 1088 4605 instantibus
1106 4531 1200 4605 circa
1223 4530 1349 4629 ipsum,
1368 4532 1546 4630 respondit
1569 4530 1760 4631 praedistus
1777 4530 1942 4605 soldanus

484 4649 694 4725 lerosolimis
712 4651 930 4725 concussum
955 4654 989 4725 se
1012 4650 1136 4724 libenti
1160 4651 1279 4724 auimo
1306 4651 1563 4749 praestaturum,
1587 4651 1655 4726 hoc
1679 4666 1798 4725 tameu
1821 4652 1941 4723 iacere

848 4904 934 4973 (11)Ι
957 4904 1036 4958 Peter
1048 4903 1081 4959 de
1096 4902 1245 4957 Villebride.
1286 4902 1377 4963 L'Art,
1393 4920 1418 4955 v.
1433 4907 1494 4964 ala,
1509 4910 1570 4956 ttvo.
