4716 6428
425 721 495 798 166
770 714 1088 794 CHRONlCA
1121 716 1198 793 DE
1231 715 1525 794 Melenos.
1637 718 1740 794 AD.
1770 723 1877 795 1245.

423 947 528 1018 terat,
545 935 762 1033 reciperede
778 937 913 1036 injuria
929 931 1118 1010 etoslensis
1133 930 1368 1030 ipseccclefie
1383 932 1524 1030 suisque
1538 934 1880 1034 pereumirrogatis

423 1054 873 1156 satissaffionemabipsm
898 1050 1474 1130 volebatetiamocclefieomnos
1495 1052 1880 1153 amicossnosfibiqne

425 1171 1880 1275 adlrerentesinpaceponereplenaquesccuritategandemrtnunquambac

424 1293 610 1369 occasione
632 1295 744 1394 pofl'et
768 1295 915 1396 aliquod
937 1295 1052 1370 subire
1072 1293 1269 1368 discrimen.
1324 1292 1400 1368 Sed
1420 1292 1505 1367 licet
1526 1291 1575 1368 fic
1596 1292 1694 1392 apud
1709 1318 1792 1368 eum
1814 1320 1880 1393 pro

424 1439 515 1513 pace
527 1416 684 1514 paternis
696 1417 1046 1515 monitisetprecum
1063 1413 1376 1488 insislerelenitate
1387 1414 1639 1498 oneremus,
1651 1412 1880 1489 iderntamen

427 1536 584 1609 imitatus
603 1534 800 1611 Pharaonis
817 1536 1001 1620 duriciam,
1024 1548 1061 1608 et
1083 1533 1255 1607 obtruans
1277 1558 1378 1608 more
1397 1533 1560 1633 aspidum
1582 1558 1687 1608 ames
1705 1535 1798 1619 suas,
1817 1535 1881 1609 bu-

421 1655 575 1753 jusmodi
594 1680 718 1754 preces
730 1671 767 1729 et
784 1657 920 1729 monita
937 1655 1033 1730 elata
1045 1653 1288 1728 obstinacione
1300 1666 1337 1728 et
1353 1653 1531 1729 obstinata
1543 1653 1699 1728 elatione
1711 1653 1881 1754 despexit

429 1773 478 1848 Et
488 1775 571 1848 licet
582 1775 741 1875 processu
754 1777 923 1875 temporis
935 1776 972 1849 in
984 1774 1044 1849 die
1053 1799 1142 1849 cene
1154 1773 1301 1848 Domini
1313 1775 1475 1874 proximo
1483 1799 1597 1874 nuper
1606 1777 1783 1872 preterita
1795 1801 1883 1875 pre·

428 1893 592 1980 cedente,
610 1920 731 1969 coram
747 1894 851 1970 nobis
867 1909 904 1969 et
921 1894 1089 1970 fratribus
1104 1893 1241 1979 nostris,
1258 1893 1488 1994 presentibus
1504 1893 1674 1969 cariffimo
1690 1895 1728 1968 in
1743 1894 1884 1970 Christo

426 2014 499 2088 filio
509 2014 626 2089 nostro
635 2015 1028 2116 Constantinopolitano
1039 2015 1253 2114 imperatore
1263 2014 1384 2089 illustri
1395 2015 1785 2114 cetuquenonmodico
1796 2042 1884 2117 pre

428 2135 592 2220 latorum,
605 2135 836 2221 senatoribus,
849 2136 1055 2236 populoque
1067 2134 1245 2219 Romano,
1258 2147 1293 2209 ct
1310 2136 1467 2209 maxima
1482 2135 1709 2211 multitudine
1722 2137 1883 2222 aliorum,

427 2256 488 2354 qui
512 2254 639 2328 eodem
658 2255 716 2330 die
739 2268 883 2355 propter
903 2255 1188 2354 solempnitatem
1210 2253 1328 2355 ipsius,
1350 2254 1397 2329 de
1419 2254 1561 2330 diversis
1582 2256 1706 2333 mundi
1725 2257 1883 2356 partibus

428 2375 474 2448 ad
499 2375 727 2474 apostolicam
751 2376 871 2450 sedern
894 2387 1145 2460 convenerant,
1162 2375 1261 2474 quod
1283 2375 1391 2448 staret
1414 2375 1540 2450 nostris
1562 2389 1599 2450 et
1619 2376 1767 2452 ecclesie
1785 2402 1883 2452 man·

428 2495 533 2579 datis,
556 2520 619 2594 per
645 2494 801 2570 nobilem
824 2496 937 2570 virum
963 2495 1131 2570 comitem
1156 2494 1374 2570 Tolosanum
1395 2521 1438 2569 ac
1460 2495 1647 2597 magistros
1670 2497 1816 2572 Petrrnn
1837 2497 1884 2573 de

429 2613 548 2688 Vinea
565 2627 601 2688 et
621 2614 810 2689 'llradeum
828 2616 874 2690 de
895 2614 1031 2699 Sueffa,
1052 2616 1149 2689 curie
1169 2615 1231 2689 sue
1246 2615 1400 2714 judices,
1416 2617 1565 2691 nuncios
1582 2629 1620 2692 et
1639 2630 1884 2717 procuratores
1913 2639 1960 2694 fot
1973 2644 2017 2693 ts.
2032 2641 2059 2694 b.

429 2735 509 2808 suos
526 2735 678 2833 speciale
695 2736 798 2833 super
814 2735 883 2809 hoc
901 2733 947 2809 ab
970 2736 1045 2834 ipso
1062 2735 1272 2809 mandatum
1291 2735 1477 2821 habentes,
1495 2736 1693 2835 praestiterit
1704 2738 1883 2836 juramen·

428 2868 529 2960 turn,
570 2853 799 2928 Postmodum
816 2867 936 2930 tamen
954 2854 1051 2954 quod
1064 2855 1246 2954 juraverat
1262 2881 1334 2929 non
1355 2854 1533 2955 implebit3
1557 2857 1755 2956 quinimmo
1771 2883 1816 2932 ea
1832 2859 1883 2932 in·

429 2974 588 3047 tentione
605 2974 717 3073 ipsum
734 2974 925 3074 praestitiffc
943 2973 1172 3073 probabiliter
1189 2974 1354 3060 creditur,
1367 2975 1454 3050 sicut
1471 3000 1516 3050 ex
1532 2977 1641 3052 lastis
1656 2978 1883 3078 sequentibus

429 3092 607 3194 colligitur
624 3095 816 3179 evidenter,
834 3107 874 3168 nt
890 3095 1007 3169 eidem
1025 3095 1172 3170 ecclefie
1194 3109 1231 3170 et
1252 3094 1356 3170 nobis
1373 3096 1535 3171 illuderet
1555 3098 1800 3198 potiusquam
1822 3123 1883 3197 pa·

430 3227 532 3288 reret.
588 3214 681 3290 Cum
700 3239 794 3289 anno
810 3228 847 3290 et
865 3215 1015 3315 amplius
1027 3215 1104 3314 jam
1122 3216 1254 3315 elapso,
1271 3240 1339 3290 nec
1356 3215 1404 3290 ad
1421 3215 1527 3316 ipsius
1543 3216 1690 3292 ecclesie
1706 3218 1881 3318 gremium

430 3338 584 3412 revocari
608 3339 774 3437 potuerit,
797 3364 864 3412 nec
881 3337 944 3412 sibi
961 3338 1007 3413 de
1030 3339 1136 3413 illatis
1154 3339 1187 3412 ei
1205 3337 1369 3438 dampnis
1386 3351 1423 3412 et
1445 3339 1580 3438 injuriis
1597 3340 1772 3415 curaverit
1789 3341 1883 3416 satil-

429 3458 561 3542 sacere,
584 3459 668 3533 licet
690 3460 792 3557 super
815 3459 883 3533 hoc
907 3459 1061 3533 extiterit
1083 3457 1278 3558 requisitus.
1332 3458 1481 3558 Propter
1503 3459 1601 3559 quod
1623 3485 1695 3535 non
1712 3461 1882 3546 valentes,

430 3576 563 3677 absque
586 3580 684 3678 gravi
706 3578 834 3654 christi
858 3579 1002 3665 offensa,
1026 3580 1104 3679 ejus
1126 3579 1331 3677 iniquitates
1354 3580 1505 3678 amplius
1527 3581 1692 3666 tolerare,
1710 3584 1881 3682 cogimur,

432 3711 580 3798 urgente
597 3724 662 3772 nos
680 3700 906 3783 conscientia,
919 3699 1013 3798 juste
1030 3699 1311 3773 animadvertere
1329 3699 1365 3772 in
1382 3699 1547 3774 eundem.

482 3816 530 3892 Et
548 3831 586 3891 ut
609 3819 654 3892 ad
674 3820 825 3917 presens
842 3818 888 3892 de
906 3820 1033 3893 ceteris
1050 3819 1128 3918 ejus
1150 3818 1340 3893 sceleribus
1362 3831 1558 3905 taceamus,
1581 3833 1735 3919 quatuor
1753 3823 1881 3923 gravis·

430 3938 527 4021 suna,
545 3963 616 4037 que
633 3938 730 4011 nulla
747 3938 885 4036 poffunt
903 3939 1010 4013 celari
1028 3939 1329 4039 tergiversatione,
1347 3939 1529 4014 commisit.
1582 3941 1771 4042 Dejeravit
1787 3943 1881 4015 enim

430 4056 649 4142 multotiens3
676 4082 802 4155 pacem
831 4057 1013 4157 quondam
1043 4059 1133 4133 inter
1162 4057 1346 4133 ecclesiam
1374 4070 1410 4133 et
1439 4060 1625 4159 imperium
1654 4062 1881 4136 reformatum
1993 4140 1996 4148 ,

431 4189 564 4249 temere
581 4176 736 4251 violavit.
790 4177 1011 4277 Perpetravit
1034 4179 1143 4252 etiam
1165 4178 1399 4279 sacrilegium,
1423 4180 1504 4278 capi
1526 4181 1663 4256 faciens
1685 4179 1881 4256 cardinales

431 4295 552 4370 sansle
573 4293 735 4370 Romane
752 4296 910 4381 ecclesie,
937 4323 980 4372 ac
1004 4298 1151 4373 aliamm
1177 4299 1341 4399 praelatos
1364 4298 1602 4387 ecclelianrm,
1620 4314 1656 4376 et
1679 4302 1824 4376 clericos
1845 4313 1881 4375 et

430 4416 603 4491 seculares
621 4418 803 4490 venientes
826 4417 872 4491 ad
890 4418 1090 4504 concilium,
1108 4419 1205 4518 quod
1229 4419 1323 4494 idem
1346 4420 1577 4520 praedecessor
1599 4421 1716 4498 noster
1733 4422 1881 4497 duxerat
1995 4466 2001 4480 ·

431 4536 709 4612 convocandum.
763 4538 825 4612 De
848 4536 959 4612 herefi
982 4563 1126 4639 quoque
1149 4564 1220 4613 non
1239 4539 1356 4614 dubiis
1372 4551 1409 4616 et
1431 4540 1579 4626 levibus
1598 4543 1658 4617 sed
1682 4542 1880 4618 difficilibus

431 4671 466 4732 et
484 4658 706 4732 evidentibus
723 4657 905 4757 suspectus
916 4657 1068 4734 habetur
1085 4660 1320 4760 argumentis3
1338 4661 1440 4760 plura
1456 4659 1628 4762 liquidem
1642 4688 1724 4737 eum
1737 4663 1880 4738 commi-

431 4777 504 4852 sltle
522 4779 675 4879 perjuria
692 4778 774 4853 satis
791 4790 901 4878 patet.
955 4777 1053 4854 Nam
1070 4779 1155 4854 olim
1172 4804 1254 4854 cum
1271 4781 1306 4853 in
1329 4781 1471 4856 Scicilie
1488 4780 1648 4882 partibus
1666 4784 1880 4865 morabatur,

431 4898 631 4997 priusquam
650 4897 735 4973 esset
759 4898 804 4973 ad
828 4899 964 4998 imperii
982 4900 1194 5000 dignitatem
1217 4900 1366 4986 electus,
1390 4927 1510 4977 coram
1532 4901 1626 4977 bone
1642 4903 1812 4979 memorie
1832 4901 1879 4976 G.
