4716 6428
289 718 388 794 An).
413 725 519 793 1003.
626 715 994 793 CHRONICON
1028 712 1419 791 RYTHMIOUM.

335 934 442 1007 Anno
460 934 553 1031 nniij.
582 959 643 1007 rex
664 933 868 1007 Scottorum
888 930 990 1006 Grim
1008 942 1178 1016 necatur3
1205 930 1283 1030 post
1300 955 1407 1029 quern
1500 972 1504 978 ι

459 1177 559 1250 Idem
579 1175 794 1250 Malcolmus
812 1166 902 1248 deca
920 1184 973 1248 ter
991 1163 1153 1274 regnavit
1172 1174 1294 1257 aristis,

510 1299 550 1371 ln
569 1323 692 1398 pugna
708 1296 811 1371 miles
828 1297 1034 1370 victoriosus
1052 1308 1145 1380 erat;
1179 1310 1186 1324 ·

460 1420 500 1492 In
515 1420 593 1493 vico
614 1418 790 1493 Glammis
806 1417 925 1517 rapuit
946 1414 1072 1517 [mors]
1093 1416 1204 1491 libera
1223 1442 1361 1517 regem3

510 1540 585 1615 Sub
604 1540 696 1640 pede
715 1538 897 1639 prostratis
912 1536 1070 1612 hostibus
1087 1537 1146 1612 ille
1164 1539 1266 1636 perit.

320 1660 324 1665 ’
458 1661 610 1735 Abbatis
631 1661 742 1745 Crini,
756 1660 833 1758 jam
851 1659 938 1733 dicti
956 1659 1028 1732 filia
1045 1659 1152 1759 regis,

382 1837 388 1847 .
508 1782 606 1855 Uxor
624 1793 700 1856 erat
719 1776 869 1866 Bethoc,
886 1776 1030 1862 nornine
1047 1780 1158 1881 digna
1175 1781 1237 1854 sui.
1373 1878 1376 1883 Ι
1476 1876 1491 1921 ¹

282 2173 368 2219 uxor
388 2146 527 2220 abbatis
546 2145 752 2220 Duncaneli
774 2144 884 2229 Crini,
904 2155 940 2217 et

456 2388 512 2461 Ex
529 2388 590 2461 illa
607 2388 732 2486 genuit
751 2386 969 2462 Duncanum
986 2389 1129 2463 nomine
1146 2399 1283 2474 natum,

506 2510 578 2595 Qui
596 2509 687 2583 senis
705 2509 806 2583 annis
822 2532 885 2582 rex
902 2519 979 2582 erat
998 2507 1164 2583 Albanio.

456 2630 490 2703 A
511 2629 639 2730 Finleg
656 2642 761 2704 natus
779 2628 943 2729 percuffit
960 2654 1043 2705 eum
1062 2628 1274 2717 Macabeta3

508 2751 656 2825 Wlnere
673 2750 771 2825 letali
789 2776 850 2826 rex
870 2763 957 2851 aput
976 2751 1085 2852 Elgin
1103 2751 1189 2825 obit.

330 2997 437 3070 Anno
454 2996 615 3069 unxxix.
644 2993 732 3068 obiit
751 2994 950 3069 Duncanus
967 3019 1028 3069 rex
1050 2994 1265 3080 Scottorum,
1293 2996 1395 3095 cujus
1421 3024 1570 3101 regnum
1590 3002 1738 3080 Macbet

280 3116 341 3190 fibi
361 3117 549 3215 usurpavit.

455 3356 533 3431 Rex
553 3355 757 3430 Macabeda
775 3380 797 3428 x
819 3356 940 3430 Scotie
958 3356 1016 3455 vij.
1036 3381 1107 3455 que
1124 3358 1163 3431 fit
1181 3361 1298 3434 annis:

506 3477 546 3551 In
565 3477 666 3576 cujus
684 3500 795 3576 regno
813 3476 928 3551 fertile
949 3487 1091 3577 tempus
1107 3491 1194 3552 erat.

456 3597 564 3671 Hunc
582 3609 703 3672 tamen
720 3597 756 3670 in
777 3594 962 3670 Lauinaut
978 3599 1157 3673 truncavit
1174 3612 1287 3675 morte
1306 3603 1438 3678 crudeli

506 3718 673 3792 Duncani
690 3728 808 3802 natus,
826 3718 970 3792 nomine
989 3716 1239 3796 Malcolomus.

333 3964 439 4038 Anno
457 3963 547 4037 1u.lv.
578 3917 716 4034 Luiach
734 3971 887 4059 quatuor
904 3962 1043 4036 menses
1060 3973 1097 4036 et
1114 3961 1298 4039 dimidium
1316 3969 1488 4067 regnavit.

455 4181 637 4258 Menfibus
655 4180 777 4255 infelix
796 4179 935 4256 Lulach
952 4181 1064 4258 tribus
1081 4185 1247 4260 extiterat
1263 4211 1343 4261 rex:

505 4301 624 4376 Armis
643 4301 801 4402 ejusdem
819 4300 1031 4384 Malcolomi
1049 4305 1188 4380 cecidit.

456 4424 548 4499 Fata
564 4424 627 4498 viri
644 4425 787 4498 fuerant
803 4423 839 4497 in
861 4422 1108 4526 Strathbolgin
1127 4439 1214 4526 aput
1232 4427 1358 4530 Effefit

506 4542 590 4619 Heu
607 4543 654 4619 fic
670 4545 813 4619 incaute
833 4543 913 4619 Rex
928 4545 1032 4620 miser
1050 4546 1228 4622 occubuit.

458 4766 536 4842 Hos
553 4768 589 4841 in
607 4793 697 4868 pace
715 4768 808 4843 viros
824 4780 925 4844 tenet
941 4770 1053 4846 insula
1073 4767 1163 4844 Iona
1180 4771 1334 4870 sepultos

505 4886 546 4963 ln
564 4888 700 4964 tumulo
717 4915 855 4991 regum,
868 4890 999 4989 judicis
1015 4891 1126 4990 usque
1143 4891 1250 4967 diem.
