4716 6428
637 733 710 804 214
992 722 1321 802 GHRONlCA·
1343 721 1420 800 DE
1454 720 1743 801 MAILROS.
1859 712 1960 797 lan.
1982 720 2090 803 1268.

639 939 847 1041 diligebant.
886 939 921 1014 Ο
940 938 1134 1015 assefluofa
1152 938 1308 1014 amicitia
1324 936 1481 1013 illoruml
1500 961 1572 1039 que
1587 947 1732 1037 propter
1748 935 1934 1013 causantes
1951 936 2091 1037 prolixi·

641 1073 753 1136 tatem
770 1059 879 1135 omisr.
927 1059 1012 1135 Viso
1030 1057 1152 1159 itaque
1170 1059 1328 1160 superius
1344 1059 1478 1134 honore
1502 1058 1604 1160 equis
1618 1057 1778 1157 impenso
1802 1055 1923 1157 quoad
1939 1058 2093 1135 tumula-
2123 1070 2171 1126 fol.
2183 1073 2229 1132 71.
2243 1072 2272 1127 u.

640 1183 773 1257 tionem
791 1204 914 1256 eorum
931 1181 967 1255 in
983 1181 1071 1254 locis
1088 1179 1255 1266 honestis,
1279 1204 1398 1254 nonne
1420 1178 1619 1279 indignatio
1642 1188 1720 1253 erat
1740 1177 1862 1254 videre
1884 1177 2094 1255 abscisorem

640 1303 790 1377 virilium
807 1302 920 1377 sancti
942 1301 1005 1376 viri
1030 1301 1205 1401 sepultum
1228 1300 1264 1375 in
1288 1325 1416 1400 campo
1439 1300 1687 1400 pulcherrimo,
1711 1324 1793 1374 cnm
1815 1299 1934 1399 potius
1953 1301 2091 1400 sepeliri

641 1422 812 1497 debuisset
833 1422 937 1523 juxta
954 1424 1083 1507 furcas,
1102 1421 1163 1495 ubi
1185 1421 1297 1496 solent
1319 1418 1452 1495 habere
1469 1420 1664 1521 sepulturas
1685 1421 1764 1495 fuas
1787 1421 2041 1497 latrocinantes
2055 1432 2092 1498 et

641 1544 700 1617 alii
717 1543 979 1627 malefactores,
998 1541 1023 1616 sr
1041 1542 1241 1641 inpenitens
1259 1552 1335 1616 erat
1352 1552 1475 1616 contra
1496 1540 1690 1616 Simonem.

693 1784 794 1859 Obiit
811 1783 994 1858 lohannes
1014 1782 1200 1856 Maunfel⁰
1217 1783 1253 1856 in
1271 1781 1430 1882 partibus
1445 1781 1684 1862 transmarinis
1701 1782 1737 1855 in
1755 1793 1965 1882 paupertate
1982 1796 2019 1860 et
2030 1784 2093 1860 do·

640 1905 714 1979 lore
732 1905 898 1978 maximo.
953 1903 1024 1977 Hic
1046 1903 1149 1977 miser
1170 1914 1224 1976 tot
1241 1902 1408 1978 obtentus
1425 1901 1678 1978 ecclesiasticos
1700 1902 1836 1988 habuit,
1854 1915 1894 1977 ut
1911 1906 2094 1980 annuatim

641 2050 685 2100 ex
703 2025 770 2099 illis
787 2024 882 2122 xviij.
900 2024 999 2098 milia
1021 2046 1220 2098 marcarum
1237 2035 1377 2124 poterat
1400 2024 1613 2123 expendere.
1668 2022 1773 2097 Unde
1790 2024 1943 2125 majores
1960 2027 2093 2126 epiloo·
2176 2036 2180 2041 ’

641 2153 745 2246 patus
765 2144 897 2245 Anglie
913 2144 1096 2229 recusavit,
1115 2156 1190 2218 turn
1208 2144 1294 2243 quia
1311 2144 1345 2218 in
1364 2144 1566 2244 pluralitate
1583 2144 1838 2244 permultorum
1855 2146 2093 2245 preditiffima·

640 2291 718 2341 rum
735 2264 961 2340 ecclesiarum
974 2264 1206 2351 habundavit,
1223 2274 1300 2339 turn
1317 2264 1402 2365 quia
1414 2264 1570 2339 lubricus
1587 2277 1674 2340 erat.
1728 2263 1800 2340 Hic
1818 2267 1868 2341 ait
1885 2266 1932 2341 dc
1949 2293 2021 2342 una
2038 2294 2094 2344 ec·

640 2387 744 2462 clesra
764 2386 894 2460 modici
920 2388 1055 2470 census,
1074 2385 1206 2460 scilicet
1231 2411 1288 2460 rur.
1307 2384 1487 2470 librarum,
1514 2398 1537 2431 ‘⁶
1556 2386 1602 2459 ad
1627 2381 1735 2461 canes
1760 2386 1896 2462 nostros
1918 2389 2014 2463 valet
2034 2389 2095 2464 illa

640 2509 782 2583 modica
799 2505 988 2591 ecclefia;’'
1007 2505 1238 2604 innuens'per
1255 2504 1335 2590 hoc,
1349 2505 1446 2604 quod
1463 2506 1616 2581 furfures
1628 2517 1665 2580 et
1682 2507 1796 2581 farina
1813 2519 1851 2582 et
1864 2507 1935 2582 alia
1948 2509 2095 2585 canibus

641 2630 710 2703 fuis
726 2627 919 2702 necessaria
936 2650 980 2700 ex
997 2637 1170 2725 proventu
1188 2624 1280 2699 illius
1298 2625 1443 2700 ecclesie
1461 2625 1632 2701 deberent
1650 2629 1859 2726 comparari.
1897 2628 1970 2704 Hic
1986 2633 2095 2705 etiam

641 2773 722 2824 curn
746 2748 831 2822 esset
853 2747 1007 2821 Simonis
1026 2746 1243 2820 adversarius
1266 2757 1302 2820 et
1319 2745 1533 2820 confiliarius
1551 2747 1645 2848 regis
1663 2749 1863 2847 precipuus,
1881 2748 1985 2824 suasit
2002 2752 2035 2825 ei
2054 2763 2094 2826 ut

636 2871 879 2968 juramentum
896 2866 993 2967 quod
1016 2868 1151 2941 fecerat
1175 2891 1256 2940 cum
1279 2865 1471 2941 baronibus
1491 2892 1555 2967 pro
1576 2869 1747 2943 fidelitate
1767 2868 1898 2970 Anglie
1921 2871 2093 2946 servanda

641 2991 785 3065 omnino
804 2988 1007 3073 dimitteret,
1025 2988 1235 3087 factumque
1254 2987 1304 3061 est
1322 2988 1383 3062 ita.
1437 2988 1592 3063 Mittitur
1615 2989 1723 3090 igitur
1742 2990 1788 3064 ad
1808 2989 1942 3064 curiam
1965 2992 2091 3066 fumrni

640 3110 814 3211 pontificis
840 3133 903 3209 pro
927 3108 1147 3183 absolutione
1172 3109 1350 3208 petendap
1371 3134 1417 3183 ne
1445 3133 1506 3183 rex
1531 3121 1710 3185 teneretur
1736 3110 1878 3210 prestito
1901 3110 2094 3188 baronibus

626 3227 855 3330 'jurament03
870 3230 1093 3329 optinuitque
1106 3254 1189 3303 mox
1202 3230 1302 3329 regia
1316 3230 1523 3330 supplicatio
1536 3230 1792 3305 absolutionem
1806 3232 1965 3331 petitam.
1987 3232 2095 3309 Unde

641 3353 773 3427 bellum
790 3353 954 3451 primum,
973 3350 1108 3450 dequo
1126 3351 1263 3425 dietum
1280 3349 1343 3436 est,
1362 3351 1502 3450 accepit
1526 3363 1649 3425 contra
1675 3351 1764 3436 illos,
1789 3352 1867 3452 post
1883 3353 1977 3429 illius
1994 3352 2093 3430 abfo-

640 3473 784 3547 lutionis
801 3472 999 3546 obtentum.
1055 3471 1128 3545 Sed
1151 3496 1194 3545 ve
1215 3472 1313 3572 regie
1339 3470 1554 3546 infidelitati!
1581 3471 1769 3547 Juraverat
1792 3473 1887 3548 enirn
1914 3498 1976 3549 rex
1996 3476 2093 3575 quod

639 3593 745 3667 staret
762 3591 982 3692 providentie
1000 3590 1172 3665 baronum
1190 3592 1226 3665 in
1243 3591 1424 3678 omnibus;
1446 3592 1654 3691 juraverunt
1671 3593 1779 3668 etiam
1793 3605 1830 3668 et
1847 3593 2000 3672 barones
2016 3598 2092 3698 regi

639 3713 736 3813 quod
754 3712 815 3813 ipsi
832 3713 963 3787 starent
981 3712 1097 3787 eidem
1115 3711 1346 3812 providentie,
1365 3738 1429 3812 pro
1442 3738 1527 3813 rege
1545 3725 1581 3788 et
1599 3739 1709 3814 regno
1728 3714 1806 3814 ejus
1817 3714 1968 3790 fideliter
1984 3718 2092 3793 facte.

644 3834 717 3909 Sed
734 3835 819 3934 quia
842 3859 903 3907 rex
921 3833 1162 3933 juramentum
1187 3834 1287 3906 suum
1310 3857 1381 3907 non
1405 3834 1531 3918 tenuit,
1555 3834 1637 3908 ideo
1656 3834 1867 3910 credebatur
1890 3863 1912 3911 a
1935 3837 2094 3937 pluribus

639 3954 736 4055 quod
754 3964 895 4053 propter
908 3953 977 4027 hoc
990 3950 1142 4028 barones
1159 3953 1344 4027 vistoriam
1357 3955 1586 4053 optinuerunt
1600 3955 1645 4029 de
1663 3955 1734 4040 ill0,
1748 3947 1835 4054 quia
1850 3956 1955 4031 fidele
1971 3958 2092 4057 presti-

639 4085 756 4149 terunt
777 4073 1024 4174 jusjurandum
1047 4098 1110 4173 pro
1134 4073 1326 4147 salvatione
1343 4074 1461 4174 regni3
1489 4087 1546 4148 cui
1565 4075 1788 4174 jurijurando
1806 4075 1975 4151 offensum
2000 4101 2090 4150 nun-

637 4220 746 4295 quam
763 4194 903 4294 prebuit
917 4193 1124 4279 Edwardus,
1142 4193 1203 4293 qui
1222 4217 1303 4268 curn
1320 4194 1443 4294 postea
1460 4195 1546 4270 esset
1563 4196 1599 4270 in
1617 4196 1775 4271 custodia
1794 4253 1802 4271 .
1816 4253 1825 4271 .
1839 4209 1871 4271 ,(1
1886 4209 2091 4271 reverentur

637 4313 862 4390 ministrantis
889 4313 939 4387 illi
961 4313 1072 4413 dapes
1099 4314 1228 4414 regias,
1252 4314 1387 4389 solebat
1411 4316 1444 4389 ei
1469 4316 1599 4402 dicere,
1624 4330 1648 4363 “
1667 4316 1809 4392 domine
1833 4313 2008 4392 Edwards

637 4436 714 4510 obis
740 4435 949 4535 obsequium
974 4432 1167 4508 nostrum.‘'
1223 4433 1292 4509 Oui
1311 4434 1507 4510 Edwardus
1529 4437 1741 4537 respondere
1758 4439 1938 4512 consuevit
1957 4495 1967 4513 .
1983 4495 1992 4512 .
2009 4497 2017 4513 .
2037 4440 2090 4540 ig·

681 4610 693 4633 ⁰
715 4610 781 4664 Tlris
794 4610 867 4664 John
880 4608 1002 4663 Maunsel
1016 4626 1068 4662 was
1081 4619 1190 4679 provost
1202 4608 1234 4663 of
1243 4610 1362 4681 Beverly,
1377 4610 1430 4664 and
1442 4609 1591 4682 frequently
1599 4611 1739 4683 employed
1750 4615 1786 4684 by
1797 4613 1890 4684 Henry
1901 4612 1953 4668 ΙΙΙ.
1967 4613 1994 4667 in
2007 4613 2090 4684 diplo-

635 4697 713 4750 matic
732 4696 852 4750 missione
865 4704 895 4748 to
913 4695 960 4748 the
971 4695 1117 4748 continent.
1159 4695 1309 4748 Numerous
1327 4696 1428 4749 notices
1440 4696 1473 4750 of
1485 4696 1538 4749 him
1557 4714 1602 4750 are
1620 4707 1649 4750 to
1661 4699 1695 4750 be
1713 4697 1796 4751 found
1814 4698 1839 4751 in
1853 4697 1900 4752 the
1914 4699 1987 4752 Fan.
2001 4699 2053 4752 and
2064 4699 2091 4751 in

635 4781 678 4834 M.
690 4782 776 4835 Paris.
898 4777 910 4809 ⁹
931 4778 992 4832 The
1004 4778 1059 4832 bull
1071 4777 1102 4832 of
1113 4776 1263 4834 Alexander
1277 4780 1334 4842 lv„
1355 4779 1491 4849 absolving
1502 4780 1549 4834 tlre
1561 4780 1622 4850 king
1634 4780 1700 4835 from
1719 4780 1760 4833 his
1773 4781 1837 4834 oath
1849 4791 1879 4836 to
1891 4781 1938 4836 the
1950 4784 2054 4845 barone,
2068 4783 2090 4836 ia

634 4866 737 4936 printed
749 4866 775 4918 in
788 4863 834 4917 the
846 4865 918 4917 Foed.
931 4863 949 4916 i.
961 4867 1023 4919 405.
1063 4864 1131 4917 Two
1143 4863 1220 4917 other
1231 4863 1307 4926 bnlls,
1320 4864 1466 4918 connected
1477 4864 1539 4918 with
1552 4864 1599 4918 the
1611 4881 1683 4918 same
1695 4865 1854 4929 absolution,
1866 4883 1911 4920 are
1923 4876 1952 4920 to
1964 4868 1997 4920 be
2010 4866 2092 4923 found

633 4967 667 5002 on
681 4949 727 5002 the
739 4948 872 5018 following
884 4965 959 5019 page.
1103 4947 1115 4980 l
1137 4948 1197 5003 'l'he
1212 4948 1273 5003 MS.
1287 4947 1359 5011 hera,
1374 4948 1428 5004 and
1439 4949 1466 5002 in
1478 4948 1525 5003 the
1536 4948 1669 5019 following
1680 4949 1755 5013 lines,
1769 4949 1792 5004 is
1803 4949 1911 5022 slightly
1920 4950 2065 5022 imperfect.
