<?xml version="1.0" encoding="UTF-8"?>
<!DOCTYPE html PUBLIC "-//W3C//DTD XHTML 1.0 Transitional//EN"
    "http://www.w3.org/TR/xhtml1/DTD/xhtml1-transitional.dtd">
<html xmlns="http://www.w3.org/1999/xhtml" xml:lang="en" lang="en">
 <head>
  <title>
</title>
<meta http-equiv="Content-Type" content="text/html;charset=utf-8" />
  <meta name='ocr-system' content='tesseract 3.04.00' />
  <meta name='ocr-capabilities' content='ocr_page ocr_carea ocr_par ocr_line ocrx_word'/>
</head>
<body>
  <div class='ocr_page' id='page_1' title='image "./chronicademailr00stevgoog_0130.png"; bbox 0 0 4716 6428; ppageno 0'>
   <div class='ocr_carea' id='block_1_1' title="bbox 349 710 1809 800">
    <p class='ocr_par' dir='ltr' id='par_1_1' title="bbox 349 710 1809 800">
     <span class='ocr_line' id='line_1_1' title="bbox 349 710 1809 800; baseline 0.002 -13"><span class='ocrx_word' id='word_1_1' title='bbox 349 712 449 787; x_wconf 73' lang='lat' dir='ltr'>An).</span> <span class='ocrx_word' id='word_1_2' title='bbox 483 711 588 787; x_wconf 87' lang='grc'><strong>1186.</strong></span> <span class='ocrx_word' id='word_1_3' title='bbox 701 710 1023 789; x_wconf 87' lang='lat' dir='ltr'><strong>CHRONICA</strong></span> <span class='ocrx_word' id='word_1_4' title='bbox 1057 712 1133 787; x_wconf 86' lang='lat' dir='ltr'>DE</span> <span class='ocrx_word' id='word_1_5' title='bbox 1167 710 1460 789; x_wconf 86' lang='lat' dir='ltr'>MAILROS.</span> <span class='ocrx_word' id='word_1_6' title='bbox 1761 724 1809 800; x_wconf 80' lang='lat'>95</span> 
     </span>
    </p>
   </div>
   <div class='ocr_carea' id='block_1_2' title="bbox 344 925 1812 4393">
    <p class='ocr_par' dir='ltr' id='par_1_2' title="bbox 347 925 1812 1147">
     <span class='ocr_line' id='line_1_2' title="bbox 397 925 1812 1027; baseline 0.006 -27"><span class='ocrx_word' id='word_1_7' title='bbox 397 925 499 1001; x_wconf 83' lang='lat' dir='ltr'>Obiit</span> <span class='ocrx_word' id='word_1_8' title='bbox 525 927 584 1026; x_wconf 92' lang='lat' dir='ltr'>pie</span> <span class='ocrx_word' id='word_1_9' title='bbox 610 927 781 1001; x_wconf 84' lang='lat' dir='ltr'><strong>memorie</strong></span> <span class='ocrx_word' id='word_1_10' title='bbox 810 926 1065 1001; x_wconf 72' lang='lat' dir='ltr'>Christianuse</span> <span class='ocrx_word' id='word_1_11' title='bbox 1090 928 1275 1027; x_wconf 86' lang='lat' dir='ltr'>episeopus</span> <span class='ocrx_word' id='word_1_12' title='bbox 1302 929 1347 1003; x_wconf 91' lang='lat' dir='ltr'>de</span> <span class='ocrx_word' id='word_1_13' title='bbox 1375 928 1540 1004; x_wconf 87' lang='lat' dir='ltr'>Candida</span> <span class='ocrx_word' id='word_1_14' title='bbox 1566 930 1671 1017; x_wconf 87' lang='lat' dir='ltr'>Casa,</span> <span class='ocrx_word' id='word_1_15' title='bbox 1696 959 1812 1009; x_wconf 85' lang='lat' dir='ltr'>nonas</span> 
     </span>
     <span class='ocr_line' id='line_1_3' title="bbox 347 1046 1087 1147; baseline -0.003 -25"><span class='ocrx_word' id='word_1_16' title='bbox 347 1046 529 1132; x_wconf 67' lang='lat' dir='ltr'>Ostobris,</span> <span class='ocrx_word' id='word_1_17' title='bbox 552 1046 653 1147; x_wconf 90' lang='lat' dir='ltr'>[Oct.</span> <span class='ocrx_word' id='word_1_18' title='bbox 675 1047 712 1146; x_wconf 91' lang='lat'>7]</span> <span class='ocrx_word' id='word_1_19' title='bbox 735 1046 831 1147; x_wconf 90' lang='lat' dir='ltr'>apud</span> <span class='ocrx_word' id='word_1_20' title='bbox 850 1046 1087 1122; x_wconf 87' lang='lat' dir='ltr'>Holeultram.</span> 
     </span>
    </p>

    <p class='ocr_par' dir='ltr' id='par_1_3' title="bbox 346 1166 1807 1388">
     <span class='ocr_line' id='line_1_4' title="bbox 397 1166 1807 1248; baseline 0.005 -7"><span class='ocrx_word' id='word_1_21' title='bbox 397 1166 498 1241; x_wconf 83' lang='lat' dir='ltr'>Obiit</span> <span class='ocrx_word' id='word_1_22' title='bbox 518 1168 645 1241; x_wconf 91' lang='lat' dir='ltr'>Petrus</span> <span class='ocrx_word' id='word_1_23' title='bbox 663 1166 776 1242; x_wconf 88' lang='lat' dir='ltr'>abbas</span> <span class='ocrx_word' id='word_1_24' title='bbox 793 1166 1004 1242; x_wconf 85' lang='lat' dir='ltr'>Clareuallis</span> <span class='ocrx_word' id='word_1_25' title='bbox 1022 1168 1079 1241; x_wconf 91' lang='lat' dir='ltr'>cui</span> <span class='ocrx_word' id='word_1_26' title='bbox 1098 1167 1252 1241; x_wconf 85' lang='lat' dir='ltr'>succelsrt</span> <span class='ocrx_word' id='word_1_27' title='bbox 1270 1168 1488 1244; x_wconf 89' lang='lat' dir='ltr'>Guarnerius</span> <span class='ocrx_word' id='word_1_28' title='bbox 1504 1170 1630 1247; x_wconf 84' lang='lat' dir='ltr'>Abbas</span> <span class='ocrx_word' id='word_1_29' title='bbox 1648 1171 1693 1248; x_wconf 93' lang='lat' dir='ltr'>de</span> <span class='ocrx_word' id='word_1_30' title='bbox 1714 1173 1807 1248; x_wconf 86' lang='lat' dir='ltr'>Alba</span> 
     </span>
     <span class='ocr_line' id='line_1_5' title="bbox 346 1289 433 1388; baseline 0.011 -28"><span class='ocrx_word' id='word_1_31' title='bbox 346 1289 433 1388; x_wconf 90' lang='lat' dir='ltr'>ripa.</span> 
     </span>
    </p>

    <p class='ocr_par' dir='ltr' id='par_1_4' title="bbox 345 1406 1808 1869">
     <span class='ocr_line' id='line_1_6' title="bbox 395 1406 1808 1513; baseline 0.006 -32"><span class='ocrx_word' id='word_1_32' title='bbox 395 1407 503 1481; x_wconf 84' lang='lat' dir='ltr'>Anno</span> <span class='ocrx_word' id='word_1_33' title='bbox 520 1407 742 1506; x_wconf 79' lang='lat' dir='ltr'>mclxxxvij.</span> <span class='ocrx_word' id='word_1_34' title='bbox 770 1406 944 1481; x_wconf 88' lang='lat' dir='ltr'>Ricardus</span> <span class='ocrx_word' id='word_1_35' title='bbox 962 1408 1110 1483; x_wconf 90' lang='lat' dir='ltr'>clericus</span> <span class='ocrx_word' id='word_1_36' title='bbox 1131 1407 1302 1482; x_wconf 90' lang='lat' dir='ltr'>Willelmi</span> <span class='ocrx_word' id='word_1_37' title='bbox 1320 1411 1414 1509; x_wconf 82' lang='lat' dir='ltr'>regis</span> <span class='ocrx_word' id='word_1_38' title='bbox 1432 1411 1569 1486; x_wconf 70' lang='lat' dir='ltr'>electus</span> <span class='ocrx_word' id='word_1_39' title='bbox 1588 1412 1639 1486; x_wconf 89' lang='lat' dir='ltr'>est</span> <span class='ocrx_word' id='word_1_40' title='bbox 1657 1414 1702 1487; x_wconf 88' lang='lat' dir='ltr'>ad</span> <span class='ocrx_word' id='word_1_41' title='bbox 1721 1416 1808 1513; x_wconf 90' lang='lat' dir='ltr'>epis·</span> 
     </span>
     <span class='ocr_line' id='line_1_7' title="bbox 345 1527 1807 1633; baseline 0.005 -32"><span class='ocrx_word' id='word_1_42' title='bbox 345 1540 514 1627; x_wconf 89' lang='lat' dir='ltr'>copatum</span> <span class='ocrx_word' id='word_1_43' title='bbox 528 1529 573 1601; x_wconf 88' lang='lat' dir='ltr'>de</span> <span class='ocrx_word' id='word_1_44' title='bbox 588 1527 768 1613; x_wconf 82' lang='lat' dir='ltr'>Maronia,</span> <span class='ocrx_word' id='word_1_45' title='bbox 783 1528 956 1602; x_wconf 78' lang='lat' dir='ltr'>kalendas</span> <span class='ocrx_word' id='word_1_46' title='bbox 971 1528 1093 1601; x_wconf 89' lang='lat' dir='ltr'>Martii</span> <span class='ocrx_word' id='word_1_47' title='bbox 1109 1529 1220 1627; x_wconf 88' lang='lat' dir='ltr'>[Mar.</span> <span class='ocrx_word' id='word_1_48' title='bbox 1239 1528 1275 1628; x_wconf 90' lang='lat'>1]</span> <span class='ocrx_word' id='word_1_49' title='bbox 1293 1530 1350 1603; x_wconf 89' lang='lat' dir='ltr'>die</span> <span class='ocrx_word' id='word_1_50' title='bbox 1365 1530 1553 1617; x_wconf 89' lang='lat' dir='ltr'>dominica,</span> <span class='ocrx_word' id='word_1_51' title='bbox 1572 1546 1608 1606; x_wconf 87' lang='lat' dir='ltr'>et</span> <span class='ocrx_word' id='word_1_52' title='bbox 1626 1533 1705 1608; x_wconf 92' lang='lat' dir='ltr'>idus</span> <span class='ocrx_word' id='word_1_53' title='bbox 1719 1535 1807 1633; x_wconf 89' lang='lat' dir='ltr'>ejus·</span> 
     </span>
     <span class='ocr_line' id='line_1_8' title="bbox 346 1647 1806 1752; baseline 0.005 -31"><span class='ocrx_word' id='word_1_54' title='bbox 346 1648 427 1722; x_wconf 92' lang='lat' dir='ltr'>dem</span> <span class='ocrx_word' id='word_1_55' title='bbox 445 1647 572 1722; x_wconf 82' lang='lat' dir='ltr'>mensis</span> <span class='ocrx_word' id='word_1_56' title='bbox 593 1647 705 1748; x_wconf 88' lang='lat' dir='ltr'>[Mar.</span> <span class='ocrx_word' id='word_1_57' title='bbox 729 1648 789 1748; x_wconf 81' lang='lat'>15]</span> <span class='ocrx_word' id='word_1_58' title='bbox 810 1649 846 1721; x_wconf 95' lang='lat' dir='ltr'>in</span> <span class='ocrx_word' id='word_1_59' title='bbox 869 1647 1024 1746; x_wconf 85' lang='lat' dir='ltr'>palsrone</span> <span class='ocrx_word' id='word_1_60' title='bbox 1045 1648 1191 1722; x_wconf 89' lang='lat' dir='ltr'>Domini</span> <span class='ocrx_word' id='word_1_61' title='bbox 1216 1652 1439 1724; x_wconf 89' lang='lat' dir='ltr'>consecratus</span> <span class='ocrx_word' id='word_1_62' title='bbox 1458 1650 1509 1725; x_wconf 89' lang='lat' dir='ltr'>est</span> <span class='ocrx_word' id='word_1_63' title='bbox 1526 1654 1621 1752; x_wconf 91' lang='lat' dir='ltr'>apud</span> <span class='ocrx_word' id='word_1_64' title='bbox 1645 1656 1806 1729; x_wconf 72' lang='lat' dir='ltr'>sancium</span> 
     </span>
     <span class='ocr_line' id='line_1_9' title="bbox 348 1767 1496 1869; baseline 0.003 -28"><span class='ocrx_word' id='word_1_65' title='bbox 348 1768 531 1842; x_wconf 86' lang='lat' dir='ltr'>Andream</span> <span class='ocrx_word' id='word_1_66' title='bbox 549 1769 584 1841; x_wconf 95' lang='lat' dir='ltr'>in</span> <span class='ocrx_word' id='word_1_67' title='bbox 607 1769 729 1843; x_wconf 88' lang='lat' dir='ltr'>Scotia</span> <span class='ocrx_word' id='word_1_68' title='bbox 747 1794 769 1842; x_wconf 90' lang='lat' dir='ltr'>a</span> <span class='ocrx_word' id='word_1_69' title='bbox 789 1767 957 1844; x_wconf 78' lang='lat' dir='ltr'>Huoorrrr</span> <span class='ocrx_word' id='word_1_70' title='bbox 978 1768 1136 1867; x_wconf 89' lang='lat' dir='ltr'>ejusdem</span> <span class='ocrx_word' id='word_1_71' title='bbox 1154 1770 1300 1843; x_wconf 80' lang='lat' dir='ltr'>ecclesie</span> <span class='ocrx_word' id='word_1_72' title='bbox 1319 1771 1496 1869; x_wconf 87' lang='lat' dir='ltr'>episcope.</span> 
     </span>
    </p>

    <p class='ocr_par' dir='ltr' id='par_1_5' title="bbox 347 1887 1807 2228">
     <span class='ocr_line' id='line_1_10' title="bbox 397 1887 1807 1993; baseline 0.007 -33"><span class='ocrx_word' id='word_1_73' title='bbox 397 1887 438 1962; x_wconf 95' lang='lat' dir='ltr'>ln</span> <span class='ocrx_word' id='word_1_74' title='bbox 458 1888 644 1962; x_wconf 82' lang='lat' dir='ltr'>Britannia</span> <span class='ocrx_word' id='word_1_75' title='bbox 670 1900 774 1963; x_wconf 88' lang='lat' dir='ltr'>natus</span> <span class='ocrx_word' id='word_1_76' title='bbox 792 1888 844 1961; x_wconf 89' lang='lat' dir='ltr'>est</span> <span class='ocrx_word' id='word_1_77' title='bbox 862 1889 1049 1963; x_wconf 80' lang='lat' dir='ltr'>Auruncs</span> <span class='ocrx_word' id='word_1_78' title='bbox 1069 1889 1160 1963; x_wconf 89' lang='lat' dir='ltr'>lilius</span> <span class='ocrx_word' id='word_1_79' title='bbox 1181 1889 1347 1963; x_wconf 89' lang='lat' dir='ltr'>Gaufridi</span> <span class='ocrx_word' id='word_1_80' title='bbox 1369 1892 1520 1966; x_wconf 87' lang='lat' dir='ltr'>Comitis</span> <span class='ocrx_word' id='word_1_81' title='bbox 1538 1894 1615 1993; x_wconf 89' lang='lat' dir='ltr'>iiij0.</span> <span class='ocrx_word' id='word_1_82' title='bbox 1635 1895 1807 1969; x_wconf 76' lang='lat' dir='ltr'>kalendas</span> 
     </span>
     <span class='ocr_line' id='line_1_11' title="bbox 348 2007 1807 2108; baseline 0.005 -27"><span class='ocrx_word' id='word_1_83' title='bbox 348 2008 480 2106; x_wconf 85' lang='lat' dir='ltr'>Aprilis</span> <span class='ocrx_word' id='word_1_84' title='bbox 501 2007 613 2108; x_wconf 89' lang='lat' dir='ltr'>[Mar.</span> <span class='ocrx_word' id='word_1_85' title='bbox 629 2008 709 2106; x_wconf 79' lang='lat'><strong>29]‚</strong></span> <span class='ocrx_word' id='word_1_86' title='bbox 727 2007 835 2082; x_wconf 68' lang='lat' dir='ltr'>noste</span> <span class='ocrx_word' id='word_1_87' title='bbox 853 2008 984 2082; x_wconf 90' lang='lat' dir='ltr'>scilicet</span> <span class='ocrx_word' id='word_1_88' title='bbox 1003 2010 1114 2082; x_wconf 72' lang='lat' dir='ltr'>saneti</span> <span class='ocrx_word' id='word_1_89' title='bbox 1134 2009 1274 2106; x_wconf 84' lang='lat' dir='ltr'>pasche,</span> <span class='ocrx_word' id='word_1_90' title='bbox 1294 2009 1338 2083; x_wconf 90' lang='lat' dir='ltr'>de</span> <span class='ocrx_word' id='word_1_91' title='bbox 1360 2011 1591 2086; x_wconf 82' lang='lat' dir='ltr'>Constantiab</span> <span class='ocrx_word' id='word_1_92' title='bbox 1607 2015 1678 2088; x_wconf 90' lang='lat' dir='ltr'>filia</span> <span class='ocrx_word' id='word_1_93' title='bbox 1698 2015 1807 2089; x_wconf 79' lang='lat' dir='ltr'>Man-</span> 
     </span>
     <span class='ocr_line' id='line_1_12' title="bbox 347 2127 1473 2228; baseline 0.002 -26"><span class='ocrx_word' id='word_1_94' title='bbox 347 2153 496 2203; x_wconf 78' lang='lat' dir='ltr'>ornnrn</span> <span class='ocrx_word' id='word_1_95' title='bbox 516 2129 642 2202; x_wconf 85' lang='lat' dir='ltr'>sororis</span> <span class='ocrx_word' id='word_1_96' title='bbox 661 2129 846 2202; x_wconf 89' lang='lat' dir='ltr'>Malcolmi</span> <span class='ocrx_word' id='word_1_97' title='bbox 865 2141 901 2203; x_wconf 91' lang='lat' dir='ltr'>et</span> <span class='ocrx_word' id='word_1_98' title='bbox 922 2127 1092 2202; x_wconf 81' lang='lat' dir='ltr'>Willelmi</span> <span class='ocrx_word' id='word_1_99' title='bbox 1112 2155 1235 2228; x_wconf 83' lang='lat' dir='ltr'>regum</span> <span class='ocrx_word' id='word_1_100' title='bbox 1259 2131 1473 2204; x_wconf 84' lang='lat' dir='ltr'>Scottorum.</span> 
     </span>
    </p>

    <p class='ocr_par' dir='ltr' id='par_1_6' title="bbox 344 2248 1808 2591">
     <span class='ocr_line' id='line_1_13' title="bbox 399 2248 1808 2333; baseline 0.004 -12"><span class='ocrx_word' id='word_1_101' title='bbox 399 2249 522 2333; x_wconf 78' lang='lat' dir='ltr'>Tomi,</span> <span class='ocrx_word' id='word_1_102' title='bbox 543 2249 617 2323; x_wconf 90' lang='lat' dir='ltr'>Dei</span> <span class='ocrx_word' id='word_1_103' title='bbox 636 2248 781 2333; x_wconf 90' lang='lat' dir='ltr'>inimici,</span> <span class='ocrx_word' id='word_1_104' title='bbox 801 2248 1007 2323; x_wconf 88' lang='lat' dir='ltr'>Nazaream</span> <span class='ocrx_word' id='word_1_105' title='bbox 1031 2249 1215 2323; x_wconf 82' lang='lat' dir='ltr'>ecclesiam</span> <span class='ocrx_word' id='word_1_106' title='bbox 1240 2252 1361 2323; x_wconf 71' lang='lat' dir='ltr'>fauste</span> <span class='ocrx_word' id='word_1_107' title='bbox 1390 2252 1506 2325; x_wconf 86' lang='lat' dir='ltr'>Mario</span> <span class='ocrx_word' id='word_1_108' title='bbox 1532 2253 1751 2327; x_wconf 82' lang='lat' dir='ltr'>violaverunt</span> <span class='ocrx_word' id='word_1_109' title='bbox 1772 2268 1808 2329; x_wconf 87' lang='lat' dir='ltr'>et.</span> 
     </span>
     <span class='ocr_line' id='line_1_14' title="bbox 344 2368 1807 2468; baseline 0.004 -26"><span class='ocrx_word' id='word_1_110' title='bbox 344 2370 474 2443; x_wconf 91' lang='lat' dir='ltr'>multos</span> <span class='ocrx_word' id='word_1_111' title='bbox 492 2368 699 2443; x_wconf 90' lang='lat' dir='ltr'>oeciderunt</span> <span class='ocrx_word' id='word_1_112' title='bbox 717 2382 754 2443; x_wconf 90' lang='lat' dir='ltr'>et</span> <span class='ocrx_word' id='word_1_113' title='bbox 777 2369 945 2468; x_wconf 83' lang='lat' dir='ltr'>magister</span> <span class='ocrx_word' id='word_1_114' title='bbox 968 2369 1163 2468; x_wconf 84' lang='lat' dir='ltr'>Hospitalis</span> <span class='ocrx_word' id='word_1_115' title='bbox 1187 2369 1234 2442; x_wconf 90' lang='lat' dir='ltr'>ibi</span> <span class='ocrx_word' id='word_1_116' title='bbox 1262 2372 1396 2444; x_wconf 88' lang='lat' dir='ltr'>occisus</span> <span class='ocrx_word' id='word_1_117' title='bbox 1414 2371 1465 2445; x_wconf 89' lang='lat' dir='ltr'>est</span> <span class='ocrx_word' id='word_1_118' title='bbox 1488 2398 1569 2446; x_wconf 90' lang='lat' dir='ltr'>eum</span> <span class='ocrx_word' id='word_1_119' title='bbox 1587 2399 1619 2447; x_wconf 94' lang='lat' dir='ltr'>v.</span> <span class='ocrx_word' id='word_1_120' title='bbox 1639 2375 1807 2449; x_wconf 85' lang='lat' dir='ltr'>militibus</span> 
     </span>
     <span class='ocr_line' id='line_1_15' title="bbox 345 2489 1577 2591; baseline 0.003 -30"><span class='ocrx_word' id='word_1_121' title='bbox 345 2501 379 2562; x_wconf 89' lang='lat' dir='ltr'>et</span> <span class='ocrx_word' id='word_1_122' title='bbox 398 2489 476 2563; x_wconf 88' lang='lat' dir='ltr'>aliis</span> <span class='ocrx_word' id='word_1_123' title='bbox 494 2490 612 2563; x_wconf 90' lang='lat' dir='ltr'>multis</span> <span class='ocrx_word' id='word_1_124' title='bbox 631 2490 666 2562; x_wconf 94' lang='lat' dir='ltr'>in</span> <span class='ocrx_word' id='word_1_125' title='bbox 685 2489 742 2562; x_wconf 90' lang='lat' dir='ltr'>die</span> <span class='ocrx_word' id='word_1_126' title='bbox 761 2490 999 2588; x_wconf 89' lang='lat' dir='ltr'>apostolorum</span> <span class='ocrx_word' id='word_1_127' title='bbox 1021 2490 1173 2589; x_wconf 90' lang='lat' dir='ltr'>Philippi</span> <span class='ocrx_word' id='word_1_128' title='bbox 1193 2503 1228 2564; x_wconf 91' lang='lat' dir='ltr'>et</span> <span class='ocrx_word' id='word_1_129' title='bbox 1247 2490 1374 2564; x_wconf 89' lang='lat' dir='ltr'>Jacobi</span> <span class='ocrx_word' id='word_1_130' title='bbox 1396 2492 1502 2590; x_wconf 84' lang='lat' dir='ltr'>[blaij</span> <span class='ocrx_word' id='word_1_131' title='bbox 1528 2492 1577 2591; x_wconf 93' lang='lat' dir='ltr'>l].</span> 
     </span>
    </p>

    <p class='ocr_par' dir='ltr' id='par_1_7' title="bbox 345 2609 1809 4393">
     <span class='ocr_line' id='line_1_16' title="bbox 395 2609 1807 2713; baseline 0.004 -31"><span class='ocrx_word' id='word_1_132' title='bbox 395 2609 474 2684; x_wconf 82' lang='lat' dir='ltr'>Rex</span> <span class='ocrx_word' id='word_1_133' title='bbox 494 2609 679 2684; x_wconf 91' lang='lat' dir='ltr'>Babilonis</span> <span class='ocrx_word' id='word_1_134' title='bbox 701 2610 893 2684; x_wconf 86' lang='lat' dir='ltr'>Saladinus</span> <span class='ocrx_word' id='word_1_135' title='bbox 920 2636 1000 2683; x_wconf 85' lang='lat' dir='ltr'>oum</span> <span class='ocrx_word' id='word_1_136' title='bbox 1019 2610 1114 2683; x_wconf 82' lang='lat' dir='ltr'>lxxx.</span> <span class='ocrx_word' id='word_1_137' title='bbox 1134 2610 1276 2684; x_wconf 92' lang='lat' dir='ltr'>milibus</span> <span class='ocrx_word' id='word_1_138' title='bbox 1302 2612 1453 2684; x_wconf 90' lang='lat' dir='ltr'>militum</span> <span class='ocrx_word' id='word_1_139' title='bbox 1472 2625 1507 2686; x_wconf 92' lang='lat' dir='ltr'>et</span> <span class='ocrx_word' id='word_1_140' title='bbox 1526 2639 1569 2687; x_wconf 90' lang='lat' dir='ltr'>eo</span> <span class='ocrx_word' id='word_1_141' title='bbox 1589 2614 1739 2713; x_wconf 89' lang='lat' dir='ltr'>amplius</span> <span class='ocrx_word' id='word_1_142' title='bbox 1758 2617 1775 2688; x_wconf 93' lang='lat' dir='ltr'>s</span> <span class='ocrx_word' id='word_1_143' title='bbox 1795 2660 1807 2671; x_wconf 96' lang='lat'>-</span> 
     </span>
     <span class='ocr_line' id='line_1_17' title="bbox 345 2730 1808 2832; baseline 0.003 -28"><span class='ocrx_word' id='word_1_144' title='bbox 345 2732 467 2831; x_wconf 86' lang='lat' dir='ltr'>quenti</span> <span class='ocrx_word' id='word_1_145' title='bbox 485 2731 543 2805; x_wconf 90' lang='lat' dir='ltr'>die</span> <span class='ocrx_word' id='word_1_146' title='bbox 563 2731 713 2805; x_wconf 91' lang='lat' dir='ltr'>Veneris</span> <span class='ocrx_word' id='word_1_147' title='bbox 730 2731 809 2830; x_wconf 88' lang='lat' dir='ltr'>post</span> <span class='ocrx_word' id='word_1_148' title='bbox 825 2731 954 2804; x_wconf 86' lang='lat' dir='ltr'>festum</span> <span class='ocrx_word' id='word_1_149' title='bbox 974 2730 1226 2830; x_wconf 88' lang='lat' dir='ltr'>Apostolorum</span> <span class='ocrx_word' id='word_1_150' title='bbox 1247 2732 1343 2805; x_wconf 87' lang='lat' dir='ltr'>Petri</span> <span class='ocrx_word' id='word_1_151' title='bbox 1362 2744 1397 2806; x_wconf 89' lang='lat' dir='ltr'>et</span> <span class='ocrx_word' id='word_1_152' title='bbox 1418 2733 1519 2806; x_wconf 86' lang='lat' dir='ltr'>Pauli</span> <span class='ocrx_word' id='word_1_153' title='bbox 1541 2734 1629 2832; x_wconf 83' lang='lat' dir='ltr'>[lul.</span> <span class='ocrx_word' id='word_1_154' title='bbox 1649 2735 1689 2832; x_wconf 90' lang='lat'>3]</span> <span class='ocrx_word' id='word_1_155' title='bbox 1713 2734 1808 2810; x_wconf 91' lang='lat' dir='ltr'>lero·</span> 
     </span>
     <span class='ocr_line' id='line_1_18' title="bbox 346 2851 1808 2952; baseline 0.002 -26"><span class='ocrx_word' id='word_1_156' title='bbox 346 2853 532 2927; x_wconf 88' lang='lat' dir='ltr'>solimitani</span> <span class='ocrx_word' id='word_1_157' title='bbox 551 2853 652 2952; x_wconf 85' lang='lat' dir='ltr'>regni</span> <span class='ocrx_word' id='word_1_158' title='bbox 670 2863 800 2926; x_wconf 88' lang='lat' dir='ltr'>terram</span> <span class='ocrx_word' id='word_1_159' title='bbox 823 2851 956 2936; x_wconf 84' lang='lat' dir='ltr'>invasit,</span> <span class='ocrx_word' id='word_1_160' title='bbox 976 2863 1012 2925; x_wconf 90' lang='lat' dir='ltr'>et</span> <span class='ocrx_word' id='word_1_161' title='bbox 1032 2851 1066 2924; x_wconf 94' lang='lat' dir='ltr'>T</span> <span class='ocrx_word' id='word_1_162' title='bbox 1069 2852 1227 2949; x_wconf 66' lang='lat' dir='ltr'>iberiam</span> <span class='ocrx_word' id='word_1_163' title='bbox 1246 2853 1279 2925; x_wconf 85' lang='lat' dir='ltr'>vi</span> <span class='ocrx_word' id='word_1_164' title='bbox 1298 2854 1404 2951; x_wconf 88' lang='lat' dir='ltr'>cepit,</span> <span class='ocrx_word' id='word_1_165' title='bbox 1424 2864 1546 2926; x_wconf 88' lang='lat' dir='ltr'>contra</span> <span class='ocrx_word' id='word_1_166' title='bbox 1565 2879 1655 2952; x_wconf 91' lang='lat' dir='ltr'>quos</span> <span class='ocrx_word' id='word_1_167' title='bbox 1673 2880 1733 2929; x_wconf 82' lang='lat' dir='ltr'>rcx</span> <span class='ocrx_word' id='word_1_168' title='bbox 1754 2856 1808 2929; x_wconf 90' lang='lat' dir='ltr'>le·</span> 
     </span>
     <span class='ocr_line' id='line_1_19' title="bbox 347 2971 1806 3072; baseline 0.003 -28"><span class='ocrx_word' id='word_1_169' title='bbox 347 2973 605 3047; x_wconf 87' lang='lat' dir='ltr'>rosolimitanus</span> <span class='ocrx_word' id='word_1_170' title='bbox 628 2997 711 3046; x_wconf 91' lang='lat' dir='ltr'>eum</span> <span class='ocrx_word' id='word_1_171' title='bbox 734 2972 805 3045; x_wconf 89' lang='lat' dir='ltr'>suis</span> <span class='ocrx_word' id='word_1_172' title='bbox 828 2971 990 3070; x_wconf 87' lang='lat' dir='ltr'>processrt</span> <span class='ocrx_word' id='word_1_173' title='bbox 1014 2971 1060 3045; x_wconf 90' lang='lat' dir='ltr'>ad</span> <span class='ocrx_word' id='word_1_174' title='bbox 1086 2972 1217 3045; x_wconf 89' lang='lat' dir='ltr'>bellum</span> <span class='ocrx_word' id='word_1_175' title='bbox 1241 2975 1359 3047; x_wconf 73' lang='lat' dir='ltr'>versus</span> <span class='ocrx_word' id='word_1_176' title='bbox 1385 2973 1568 3046; x_wconf 90' lang='lat' dir='ltr'>Tabarum</span> <span class='ocrx_word' id='word_1_177' title='bbox 1589 3000 1652 3072; x_wconf 90' lang='lat' dir='ltr'>per</span> <span class='ocrx_word' id='word_1_178' title='bbox 1675 2975 1806 3049; x_wconf 87' lang='lat' dir='ltr'>dietam</span> 
     </span>
     <span class='ocr_line' id='line_1_20' title="bbox 346 3092 1808 3191; baseline 0.001 -24"><span class='ocrx_word' id='word_1_179' title='bbox 346 3118 464 3167; x_wconf 92' lang='lat' dir='ltr'>unam.</span> <span class='ocrx_word' id='word_1_180' title='bbox 513 3092 680 3191; x_wconf 89' lang='lat' dir='ltr'>Cumque</span> <span class='ocrx_word' id='word_1_181' title='bbox 699 3092 745 3166; x_wconf 89' lang='lat' dir='ltr'>ad</span> <span class='ocrx_word' id='word_1_182' title='bbox 763 3092 977 3166; x_wconf 91' lang='lat' dir='ltr'>eminentem</span> <span class='ocrx_word' id='word_1_183' title='bbox 997 3104 1033 3166; x_wconf 92' lang='lat' dir='ltr'>et</span> <span class='ocrx_word' id='word_1_184' title='bbox 1051 3095 1210 3166; x_wconf 84' lang='lat' dir='ltr'>saxosum</span> <span class='ocrx_word' id='word_1_185' title='bbox 1229 3094 1398 3166; x_wconf 85' lang='lat' dir='ltr'>renilsent</span> <span class='ocrx_word' id='word_1_186' title='bbox 1417 3094 1534 3167; x_wconf 90' lang='lat' dir='ltr'>locum</span> <span class='ocrx_word' id='word_1_187' title='bbox 1552 3094 1613 3167; x_wconf 93' lang='lat' dir='ltr'>ubi</span> <span class='ocrx_word' id='word_1_188' title='bbox 1631 3121 1726 3180; x_wconf 85' lang='lat' dir='ltr'>vero,</span> <span class='ocrx_word' id='word_1_189' title='bbox 1745 3098 1808 3169; x_wconf 94' lang='lat' dir='ltr'>im-</span> 
     </span>
     <span class='ocr_line' id='line_1_21' title="bbox 346 3212 1807 3312; baseline 0.002 -25"><span class='ocrx_word' id='word_1_190' title='bbox 346 3213 560 3287; x_wconf 89' lang='lat' dir='ltr'>minentibus</span> <span class='ocrx_word' id='word_1_191' title='bbox 577 3213 736 3287; x_wconf 89' lang='lat' dir='ltr'>hostibus</span> <span class='ocrx_word' id='word_1_192' title='bbox 750 3212 908 3311; x_wconf 91' lang='lat' dir='ltr'>undique</span> <span class='ocrx_word' id='word_1_193' title='bbox 926 3213 1129 3287; x_wconf 83' lang='lat' dir='ltr'>necessitate</span> <span class='ocrx_word' id='word_1_194' title='bbox 1144 3215 1354 3312; x_wconf 85' lang='lat' dir='ltr'>compulsus,</span> <span class='ocrx_word' id='word_1_195' title='bbox 1370 3240 1429 3286; x_wconf 80' lang='lat' dir='ltr'>rex</span> <span class='ocrx_word' id='word_1_196' title='bbox 1444 3214 1489 3286; x_wconf 89' lang='lat' dir='ltr'>de</span> <span class='ocrx_word' id='word_1_197' title='bbox 1508 3214 1680 3287; x_wconf 89' lang='lat' dir='ltr'>baronum</span> <span class='ocrx_word' id='word_1_198' title='bbox 1699 3217 1807 3290; x_wconf 89' lang='lat' dir='ltr'>conli-</span> 
     </span>
     <span class='ocr_line' id='line_1_22' title="bbox 347 3332 1809 3431; baseline 0.003 -26"><span class='ocrx_word' id='word_1_199' title='bbox 347 3332 394 3406; x_wconf 91' lang='lat' dir='ltr'>lio</span> <span class='ocrx_word' id='word_1_200' title='bbox 408 3333 540 3407; x_wconf 91' lang='lat' dir='ltr'>bellum</span> <span class='ocrx_word' id='word_1_201' title='bbox 554 3334 776 3407; x_wconf 85' lang='lat' dir='ltr'>committere</span> <span class='ocrx_word' id='word_1_202' title='bbox 790 3333 938 3431; x_wconf 82' lang='lat' dir='ltr'>dignum</span> <span class='ocrx_word' id='word_1_203' title='bbox 953 3333 1063 3405; x_wconf 83' lang='lat' dir='ltr'>duxit.</span> <span class='ocrx_word' id='word_1_204' title='bbox 1106 3334 1147 3405; x_wconf 96' lang='lat' dir='ltr'>ln</span> <span class='ocrx_word' id='word_1_205' title='bbox 1159 3360 1231 3430; x_wconf 91' lang='lat' dir='ltr'>quo</span> <span class='ocrx_word' id='word_1_206' title='bbox 1245 3333 1324 3405; x_wconf 89' lang='lat' dir='ltr'>loco</span> <span class='ocrx_word' id='word_1_207' title='bbox 1340 3334 1531 3407; x_wconf 85' lang='lat' dir='ltr'>Saladinus</span> <span class='ocrx_word' id='word_1_208' title='bbox 1545 3360 1605 3407; x_wconf 86' lang='lat' dir='ltr'>rex</span> <span class='ocrx_word' id='word_1_209' title='bbox 1620 3360 1699 3407; x_wconf 92' lang='lat' dir='ltr'>cum</span> <span class='ocrx_word' id='word_1_210' title='bbox 1715 3336 1809 3409; x_wconf 85' lang='lat' dir='ltr'>tubis</span> 
     </span>
     <span class='ocr_line' id='line_1_23' title="bbox 346 3452 1806 3552; baseline 0.001 -26"><span class='ocrx_word' id='word_1_211' title='bbox 346 3466 382 3527; x_wconf 89' lang='lat' dir='ltr'>et</span> <span class='ocrx_word' id='word_1_212' title='bbox 399 3454 534 3527; x_wconf 82' lang='lat' dir='ltr'>infinita</span> <span class='ocrx_word' id='word_1_213' title='bbox 557 3454 783 3527; x_wconf 88' lang='lat' dir='ltr'>multitudine</span> <span class='ocrx_word' id='word_1_214' title='bbox 802 3452 1014 3527; x_wconf 85' lang='lat' dir='ltr'>bellatorum</span> <span class='ocrx_word' id='word_1_215' title='bbox 1039 3454 1073 3525; x_wconf 92' lang='lat' dir='ltr'>in</span> <span class='ocrx_word' id='word_1_216' title='bbox 1095 3453 1325 3537; x_wconf 88' lang='lat' dir='ltr'>Christianos,</span> <span class='ocrx_word' id='word_1_217' title='bbox 1350 3455 1410 3551; x_wconf 92' lang='lat' dir='ltr'>qui</span> <span class='ocrx_word' id='word_1_218' title='bbox 1429 3466 1571 3552; x_wconf 89' lang='lat' dir='ltr'>propter</span> <span class='ocrx_word' id='word_1_219' title='bbox 1589 3455 1668 3527; x_wconf 89' lang='lat' dir='ltr'>loea</span> <span class='ocrx_word' id='word_1_220' title='bbox 1687 3457 1806 3529; x_wconf 84' lang='lat' dir='ltr'>saxosa</span> 
     </span>
     <span class='ocr_line' id='line_1_24' title="bbox 347 3572 1807 3676; baseline 0.002 -30"><span class='ocrx_word' id='word_1_221' title='bbox 347 3583 382 3646; x_wconf 92' lang='lat' dir='ltr'>et</span> <span class='ocrx_word' id='word_1_222' title='bbox 400 3574 494 3648; x_wconf 88' lang='lat' dir='ltr'>invia</span> <span class='ocrx_word' id='word_1_223' title='bbox 507 3599 668 3674; x_wconf 84' lang='lat' dir='ltr'>pugnare</span> <span class='ocrx_word' id='word_1_224' title='bbox 686 3598 758 3647; x_wconf 91' lang='lat' dir='ltr'>uon</span> <span class='ocrx_word' id='word_1_225' title='bbox 776 3585 953 3672; x_wconf 87' lang='lat' dir='ltr'>poterant,</span> <span class='ocrx_word' id='word_1_226' title='bbox 969 3572 1131 3647; x_wconf 83' lang='lat' dir='ltr'>all&#39;ultum</span> <span class='ocrx_word' id='word_1_227' title='bbox 1145 3576 1319 3657; x_wconf 88' lang='lat' dir='ltr'>feceruut,</span> <span class='ocrx_word' id='word_1_228' title='bbox 1335 3586 1368 3647; x_wconf 87' lang='lat' dir='ltr'>et</span> <span class='ocrx_word' id='word_1_229' title='bbox 1384 3600 1445 3647; x_wconf 89' lang='lat' dir='ltr'>eos</span> <span class='ocrx_word' id='word_1_230' title='bbox 1459 3576 1553 3649; x_wconf 90' lang='lat' dir='ltr'>onrrri</span> <span class='ocrx_word' id='word_1_231' title='bbox 1573 3575 1727 3648; x_wconf 88' lang='lat' dir='ltr'>bellandi</span> <span class='ocrx_word' id='word_1_232' title='bbox 1745 3602 1807 3676; x_wconf 80' lang='lat' dir='ltr'>ge·</span> 
     </span>
     <span class='ocr_line' id='line_1_25' title="bbox 346 3693 1807 3794; baseline 0.002 -28"><span class='ocrx_word' id='word_1_233' title='bbox 346 3718 430 3767; x_wconf 91' lang='lat' dir='ltr'>nere</span> <span class='ocrx_word' id='word_1_234' title='bbox 457 3694 756 3794; x_wconf 84' lang='lat' dir='ltr'>impugnaverunt</span> <span class='ocrx_word' id='word_1_235' title='bbox 778 3706 814 3767; x_wconf 93' lang='lat' dir='ltr'>et</span> <span class='ocrx_word' id='word_1_236' title='bbox 840 3706 1145 3794; x_wconf 82' lang='lat' dir='ltr'>expugnaverunt.</span> <span class='ocrx_word' id='word_1_237' title='bbox 1201 3693 1367 3767; x_wconf 86' lang='lat' dir='ltr'>Tandem</span> <span class='ocrx_word' id='word_1_238' title='bbox 1393 3695 1623 3769; x_wconf 76' lang='lat' dir='ltr'>Tor-hedinus</span> <span class='ocrx_word' id='word_1_239' title='bbox 1649 3697 1807 3770; x_wconf 85' lang='lat' dir='ltr'>Saladini</span> 
     </span>
     <span class='ocr_line' id='line_1_26' title="bbox 347 3814 1806 3914; baseline 0.003 -28"><span class='ocrx_word' id='word_1_240' title='bbox 347 3838 459 3912; x_wconf 91' lang='lat' dir='ltr'>nepos</span> <span class='ocrx_word' id='word_1_241' title='bbox 482 3839 605 3913; x_wconf 85' lang='lat' dir='ltr'>regem</span> <span class='ocrx_word' id='word_1_242' title='bbox 622 3814 768 3914; x_wconf 76' lang='lat' dir='ltr'>sugrrme</span> <span class='ocrx_word' id='word_1_243' title='bbox 792 3814 1030 3912; x_wconf 87' lang='lat' dir='ltr'>arripientem,</span> <span class='ocrx_word' id='word_1_244' title='bbox 1050 3827 1085 3887; x_wconf 91' lang='lat' dir='ltr'>et</span> <span class='ocrx_word' id='word_1_245' title='bbox 1109 3839 1250 3888; x_wconf 88' lang='lat' dir='ltr'>erucem</span> <span class='ocrx_word' id='word_1_246' title='bbox 1274 3815 1440 3888; x_wconf 87' lang='lat' dir='ltr'>dominici</span> <span class='ocrx_word' id='word_1_247' title='bbox 1465 3815 1552 3913; x_wconf 83' lang='lat' dir='ltr'>ligni</span> <span class='ocrx_word' id='word_1_248' title='bbox 1575 3816 1680 3914; x_wconf 91' lang='lat' dir='ltr'>cepit,</span> <span class='ocrx_word' id='word_1_249' title='bbox 1699 3818 1806 3891; x_wconf 88' lang='lat' dir='ltr'>ceteri</span> 
     </span>
     <span class='ocr_line' id='line_1_27' title="bbox 348 3934 1807 4035; baseline 0.002 -30"><span class='ocrx_word' id='word_1_250' title='bbox 348 3958 470 4008; x_wconf 91' lang='lat' dir='ltr'>omnes</span> <span class='ocrx_word' id='word_1_251' title='bbox 483 3935 558 4009; x_wconf 88' lang='lat' dir='ltr'>sere</span> <span class='ocrx_word' id='word_1_252' title='bbox 576 3934 763 4019; x_wconf 75' lang='lat' dir='ltr'>confratri,</span> <span class='ocrx_word' id='word_1_253' title='bbox 778 3936 884 4032; x_wconf 91' lang='lat' dir='ltr'>capti,</span> <span class='ocrx_word' id='word_1_254' title='bbox 904 3947 940 4008; x_wconf 94' lang='lat' dir='ltr'>et</span> <span class='ocrx_word' id='word_1_255' title='bbox 957 3935 1134 4018; x_wconf 88' lang='lat' dir='ltr'>trucidati,</span> <span class='ocrx_word' id='word_1_256' title='bbox 1149 3948 1185 4007; x_wconf 90' lang='lat' dir='ltr'>et</span> <span class='ocrx_word' id='word_1_257' title='bbox 1203 3935 1350 4007; x_wconf 79' lang='lat' dir='ltr'>vinculis</span> <span class='ocrx_word' id='word_1_258' title='bbox 1365 3936 1555 4035; x_wconf 87' lang='lat' dir='ltr'>mancipati</span> <span class='ocrx_word' id='word_1_259' title='bbox 1570 3938 1658 4009; x_wconf 90' lang='lat' dir='ltr'>sunt.</span> <span class='ocrx_word' id='word_1_260' title='bbox 1708 3937 1807 4010; x_wconf 88' lang='lat' dir='ltr'>Sala-</span> 
     </span>
     <span class='ocr_line' id='line_1_28' title="bbox 347 4054 1805 4155; baseline 0.003 -28"><span class='ocrx_word' id='word_1_261' title='bbox 347 4054 449 4129; x_wconf 90' lang='lat' dir='ltr'>dinus</span> <span class='ocrx_word' id='word_1_262' title='bbox 466 4054 584 4127; x_wconf 86' lang='lat' dir='ltr'>statim</span> <span class='ocrx_word' id='word_1_263' title='bbox 601 4054 726 4128; x_wconf 85' lang='lat' dir='ltr'>militie</span> <span class='ocrx_word' id='word_1_264' title='bbox 747 4054 889 4154; x_wconf 86' lang='lat' dir='ltr'>Templi</span> <span class='ocrx_word' id='word_1_265' title='bbox 908 4068 944 4128; x_wconf 89' lang='lat' dir='ltr'>et</span> <span class='ocrx_word' id='word_1_266' title='bbox 960 4054 1154 4153; x_wconf 84' lang='lat' dir='ltr'>Hospitalis</span> <span class='ocrx_word' id='word_1_267' title='bbox 1172 4056 1301 4130; x_wconf 87' lang='lat' dir='ltr'>milites</span> <span class='ocrx_word' id='word_1_268' title='bbox 1314 4058 1491 4155; x_wconf 68' lang='lat' dir='ltr'>segregari</span> <span class='ocrx_word' id='word_1_269' title='bbox 1510 4058 1595 4131; x_wconf 87' lang='lat' dir='ltr'>feeit</span> <span class='ocrx_word' id='word_1_270' title='bbox 1613 4058 1659 4131; x_wconf 89' lang='lat' dir='ltr'>ab</span> <span class='ocrx_word' id='word_1_271' title='bbox 1678 4059 1755 4131; x_wconf 88' lang='lat' dir='ltr'>aliis</span> <span class='ocrx_word' id='word_1_272' title='bbox 1773 4071 1805 4131; x_wconf 87' lang='lat' dir='ltr'>et</span> 
     </span>
     <span class='ocr_line' id='line_1_29' title="bbox 346 4175 1808 4274; baseline 0.002 -27"><span class='ocrx_word' id='word_1_273' title='bbox 346 4199 465 4248; x_wconf 88' lang='lat' dir='ltr'>coram</span> <span class='ocrx_word' id='word_1_274' title='bbox 485 4175 520 4248; x_wconf 91' lang='lat' dir='ltr'>se</span> <span class='ocrx_word' id='word_1_275' title='bbox 538 4175 748 4273; x_wconf 89' lang='lat' dir='ltr'>decapitari.</span> <span class='ocrx_word' id='word_1_276' title='bbox 788 4175 865 4274; x_wconf 89' lang='lat' dir='ltr'>lpse</span> <span class='ocrx_word' id='word_1_277' title='bbox 884 4176 1026 4273; x_wconf 92' lang='lat' dir='ltr'>propria</span> <span class='ocrx_word' id='word_1_278' title='bbox 1044 4200 1151 4248; x_wconf 89' lang='lat' dir='ltr'>nranu</span> <span class='ocrx_word' id='word_1_279' title='bbox 1170 4176 1366 4274; x_wconf 84' lang='lat' dir='ltr'>principem</span> <span class='ocrx_word' id='word_1_280' title='bbox 1383 4176 1597 4251; x_wconf 82' lang='lat' dir='ltr'>lleinaldum</span> <span class='ocrx_word' id='word_1_281' title='bbox 1612 4178 1656 4251; x_wconf 90' lang='lat' dir='ltr'>de</span> <span class='ocrx_word' id='word_1_282' title='bbox 1673 4178 1808 4251; x_wconf 88' lang='lat' dir='ltr'>Castel-</span> 
     </span>
     <span class='ocr_line' id='line_1_30' title="bbox 346 4292 1807 4393; baseline 0.003 -27"><span class='ocrx_word' id='word_1_283' title='bbox 346 4292 439 4367; x_wconf 90' lang='lat' dir='ltr'>lione</span> <span class='ocrx_word' id='word_1_284' title='bbox 460 4294 659 4379; x_wconf 82' lang='lat' dir='ltr'>irrtersecit3</span> <span class='ocrx_word' id='word_1_285' title='bbox 689 4306 725 4368; x_wconf 92' lang='lat' dir='ltr'>et</span> <span class='ocrx_word' id='word_1_286' title='bbox 748 4296 895 4367; x_wconf 87' lang='lat' dir='ltr'>fratrum</span> <span class='ocrx_word' id='word_1_287' title='bbox 915 4295 960 4369; x_wconf 90' lang='lat' dir='ltr'>de</span> <span class='ocrx_word' id='word_1_288' title='bbox 981 4295 1146 4393; x_wconf 92' lang='lat' dir='ltr'>Templo,</span> <span class='ocrx_word' id='word_1_289' title='bbox 1167 4308 1205 4368; x_wconf 92' lang='lat' dir='ltr'>ut</span> <span class='ocrx_word' id='word_1_290' title='bbox 1226 4296 1260 4367; x_wconf 91' lang='lat' dir='ltr'>iu</span> <span class='ocrx_word' id='word_1_291' title='bbox 1287 4296 1433 4369; x_wconf 83' lang='lat' dir='ltr'>veritate</span> <span class='ocrx_word' id='word_1_292' title='bbox 1452 4297 1585 4382; x_wconf 91' lang='lat' dir='ltr'>dicunt,</span> <span class='ocrx_word' id='word_1_293' title='bbox 1604 4299 1731 4371; x_wconf 92' lang='lat' dir='ltr'>eodem</span> <span class='ocrx_word' id='word_1_294' title='bbox 1750 4300 1807 4371; x_wconf 90' lang='lat' dir='ltr'>die</span> 
     </span>
    </p>
   </div>
   <div class='ocr_carea' id='block_1_3' title="bbox 346 4504 1808 4659">
    <p class='ocr_par' dir='ltr' id='par_1_8' title="bbox 346 4504 1808 4659">
     <span class='ocr_line' id='line_1_31' title="bbox 390 4504 1808 4575; baseline 0.002 -17"><span class='ocrx_word' id='word_1_295' title='bbox 390 4504 415 4527; x_wconf 79' lang='lat'>⁸¹</span> <span class='ocrx_word' id='word_1_296' title='bbox 438 4504 481 4558; x_wconf 89' lang='lat' dir='ltr'>He</span> <span class='ocrx_word' id='word_1_297' title='bbox 499 4504 552 4559; x_wconf 86' lang='lat' dir='ltr'>had</span> <span class='ocrx_word' id='word_1_298' title='bbox 571 4506 639 4558; x_wconf 90' lang='lat' dir='ltr'>been</span> <span class='ocrx_word' id='word_1_299' title='bbox 659 4505 762 4559; x_wconf 88' lang='lat' dir='ltr'>elected</span> <span class='ocrx_word' id='word_1_300' title='bbox 781 4506 808 4559; x_wconf 92' lang='lat' dir='ltr'>in</span> <span class='ocrx_word' id='word_1_301' title='bbox 830 4509 907 4559; x_wconf 81' lang='lat'>1154.</span> <span class='ocrx_word' id='word_1_302' title='bbox 952 4507 1041 4559; x_wconf 82' lang='lat' dir='ltr'>Clrroa.</span> <span class='ocrx_word' id='word_1_303' title='bbox 1059 4508 1086 4558; x_wconf 89' lang='lat' dir='ltr'>S.</span> <span class='ocrx_word' id='word_1_304' title='bbox 1103 4508 1197 4567; x_wconf 74' lang='lat' dir='ltr'>erra-a,</span> <span class='ocrx_word' id='word_1_305' title='bbox 1220 4525 1246 4575; x_wconf 89' lang='lat' dir='ltr'>p.</span> <span class='ocrx_word' id='word_1_306' title='bbox 1268 4510 1311 4559; x_wconf 70' lang='lat'>3⁸2.</span> <span class='ocrx_word' id='word_1_307' title='bbox 1352 4508 1403 4560; x_wconf 85' lang='lat' dir='ltr'>See</span> <span class='ocrx_word' id='word_1_308' title='bbox 1422 4508 1522 4561; x_wconf 88' lang='lat' dir='ltr'>surtlrer</span> <span class='ocrx_word' id='word_1_309' title='bbox 1540 4510 1641 4562; x_wconf 85' lang='lat' dir='ltr'>noricos</span> <span class='ocrx_word' id='word_1_310' title='bbox 1660 4508 1692 4561; x_wconf 94' lang='lat' dir='ltr'>os</span> <span class='ocrx_word' id='word_1_311' title='bbox 1709 4509 1762 4561; x_wconf 88' lang='lat' dir='ltr'>lrirn</span> <span class='ocrx_word' id='word_1_312' title='bbox 1782 4512 1808 4561; x_wconf 92' lang='lat' dir='ltr'>in</span> 
     </span>
     <span class='ocr_line' id='line_1_32' title="bbox 346 4587 1806 4659; baseline 0.003 -18"><span class='ocrx_word' id='word_1_313' title='bbox 346 4588 492 4659; x_wconf 66' lang='lat' dir='ltr'>Broarprmm</span> <span class='ocrx_word' id='word_1_314' title='bbox 507 4587 567 4642; x_wconf 89' lang='lat' dir='ltr'>coll.</span> <span class='ocrx_word' id='word_1_315' title='bbox 580 4592 656 4652; x_wconf 80' lang='lat'>1103,</span> <span class='ocrx_word' id='word_1_316' title='bbox 672 4593 748 4650; x_wconf 79' lang='lat' dir='ltr'>llos,</span> <span class='ocrx_word' id='word_1_317' title='bbox 763 4592 791 4641; x_wconf 97' lang='lat' dir='ltr'>ll</span> <span class='ocrx_word' id='word_1_318' title='bbox 801 4593 840 4641; x_wconf 92' lang='lat' dir='ltr'>ll.</span> <span class='ocrx_word' id='word_1_319' title='bbox 933 4590 945 4620; x_wconf 73' lang='lat'>‘³</span> <span class='ocrx_word' id='word_1_320' title='bbox 968 4590 1118 4643; x_wconf 82' lang='lat' dir='ltr'>Corrstance</span> <span class='ocrx_word' id='word_1_321' title='bbox 1132 4608 1185 4643; x_wconf 84' lang='lat' dir='ltr'>was</span> <span class='ocrx_word' id='word_1_322' title='bbox 1198 4590 1254 4643; x_wconf 89' lang='lat' dir='ltr'>sule</span> <span class='ocrx_word' id='word_1_323' title='bbox 1267 4590 1395 4657; x_wconf 68' lang='lat' dir='ltr'>‹lauglrter</span> <span class='ocrx_word' id='word_1_324' title='bbox 1407 4592 1459 4644; x_wconf 90' lang='lat' dir='ltr'>and</span> <span class='ocrx_word' id='word_1_325' title='bbox 1474 4591 1528 4645; x_wconf 87' lang='lat' dir='ltr'>lreir</span> <span class='ocrx_word' id='word_1_326' title='bbox 1541 4592 1572 4645; x_wconf 92' lang='lat' dir='ltr'>os</span> <span class='ocrx_word' id='word_1_327' title='bbox 1583 4595 1675 4646; x_wconf 69' lang='lat' dir='ltr'>(Ionan</span> <span class='ocrx_word' id='word_1_328' title='bbox 1689 4594 1713 4645; x_wconf 91' lang='lat' dir='ltr'>le</span> <span class='ocrx_word' id='word_1_329' title='bbox 1729 4594 1806 4647; x_wconf 82' lang='lat' dir='ltr'>l&#39;etit.</span> 
     </span>
    </p>
   </div>
   <div class='ocr_carea' id='block_1_4' title="bbox 345 4671 1809 5005">
    <p class='ocr_par' dir='ltr' id='par_1_9' title="bbox 345 4671 1809 5005">
     <span class='ocr_line' id='line_1_33' title="bbox 346 4671 1806 4745; baseline 0.001 -20"><span class='ocrx_word' id='word_1_330' title='bbox 346 4671 425 4727; x_wconf 78' lang='lat' dir='ltr'>Duke</span> <span class='ocrx_word' id='word_1_331' title='bbox 436 4673 469 4727; x_wconf 86' lang='lat' dir='ltr'>os</span> <span class='ocrx_word' id='word_1_332' title='bbox 478 4674 607 4744; x_wconf 82' lang='lat' dir='ltr'>Brittnny‚</span> <span class='ocrx_word' id='word_1_333' title='bbox 622 4673 683 4727; x_wconf 87' lang='lat' dir='ltr'>wlro</span> <span class='ocrx_word' id='word_1_334' title='bbox 697 4674 758 4727; x_wconf 87' lang='lat' dir='ltr'>diod</span> <span class='ocrx_word' id='word_1_335' title='bbox 775 4675 802 4726; x_wconf 88' lang='lat' dir='ltr'>ln</span> <span class='ocrx_word' id='word_1_336' title='bbox 819 4678 896 4731; x_wconf 83' lang='grc'><strong>1171.</strong></span> <span class='ocrx_word' id='word_1_337' title='bbox 933 4675 1024 4745; x_wconf 83' lang='lat' dir='ltr'>Dugd.</span> <span class='ocrx_word' id='word_1_338' title='bbox 1040 4677 1135 4727; x_wconf 80' lang='lat' dir='ltr'>Boron.</span> <span class='ocrx_word' id='word_1_339' title='bbox 1150 4676 1167 4727; x_wconf 88' lang='lat' dir='ltr'>l.</span> <span class='ocrx_word' id='word_1_340' title='bbox 1183 4678 1233 4733; x_wconf 74' lang='lat'>78;</span> <span class='ocrx_word' id='word_1_341' title='bbox 1254 4694 1298 4728; x_wconf 81' lang='lat' dir='ltr'>see</span> <span class='ocrx_word' id='word_1_342' title='bbox 1313 4678 1410 4729; x_wconf 82' lang='lat' dir='ltr'>lloeed.</span> <span class='ocrx_word' id='word_1_343' title='bbox 1427 4682 1488 4730; x_wconf 82' lang='grc'><strong>361,</strong></span> <span class='ocrx_word' id='word_1_344' title='bbox 1616 4678 1627 4699; x_wconf 77' lang='lat'>‘³</span> <span class='ocrx_word' id='word_1_345' title='bbox 1651 4678 1700 4729; x_wconf 88' lang='lat' dir='ltr'>See</span> <span class='ocrx_word' id='word_1_346' title='bbox 1715 4678 1806 4735; x_wconf 82' lang='lat' dir='ltr'>L&#39;.-lrr‚</span> 
     </span>
     <span class='ocr_line' id='line_1_34' title="bbox 346 4766 1809 4837; baseline 0.003 -22"><span class='ocrx_word' id='word_1_347' title='bbox 346 4780 370 4817; x_wconf 82' lang='lat' dir='ltr'>v.</span> <span class='ocrx_word' id='word_1_348' title='bbox 383 4768 428 4827; x_wconf 85' lang='lat'>67.</span> <span class='ocrx_word' id='word_1_349' title='bbox 441 4770 504 4819; x_wconf 77' lang='lat' dir='ltr'>8r&#39;o.</span> <span class='ocrx_word' id='word_1_350' title='bbox 544 4766 570 4819; x_wconf 75' lang='lat' dir='ltr'>A</span> <span class='ocrx_word' id='word_1_351' title='bbox 582 4766 687 4819; x_wconf 88' lang='lat' dir='ltr'>curious</span> <span class='ocrx_word' id='word_1_352' title='bbox 700 4766 878 4836; x_wconf 89' lang='lat' dir='ltr'>unpublislred</span> <span class='ocrx_word' id='word_1_353' title='bbox 896 4766 981 4827; x_wconf 84' lang='lat' dir='ltr'>letter,</span> <span class='ocrx_word' id='word_1_354' title='bbox 1002 4767 1125 4835; x_wconf 70' lang='lat' dir='ltr'>detailinp</span> <span class='ocrx_word' id='word_1_355' title='bbox 1138 4767 1183 4819; x_wconf 86' lang='lat' dir='ltr'>rlre</span> <span class='ocrx_word' id='word_1_356' title='bbox 1203 4768 1354 4837; x_wconf 75' lang='lat' dir='ltr'>particulam</span> <span class='ocrx_word' id='word_1_357' title='bbox 1373 4768 1405 4819; x_wconf 92' lang='lat' dir='ltr'>os</span> <span class='ocrx_word' id='word_1_358' title='bbox 1418 4768 1512 4829; x_wconf 82' lang='lat' dir='ltr'>(lesem,</span> <span class='ocrx_word' id='word_1_359' title='bbox 1532 4770 1553 4821; x_wconf 85' lang='lat' dir='ltr'>is</span> <span class='ocrx_word' id='word_1_360' title='bbox 1566 4768 1704 4837; x_wconf 78' lang='lat' dir='ltr'>preserved</span> <span class='ocrx_word' id='word_1_361' title='bbox 1723 4768 1749 4820; x_wconf 91' lang='lat' dir='ltr'>in</span> <span class='ocrx_word' id='word_1_362' title='bbox 1763 4768 1809 4819; x_wconf 86' lang='lat' dir='ltr'>tlre</span> 
     </span>
     <span class='ocr_line' id='line_1_35' title="bbox 347 4848 1808 4919; baseline 0.002 -19"><span class='ocrx_word' id='word_1_363' title='bbox 347 4848 458 4903; x_wconf 77' lang='lat' dir='ltr'>Arundcl</span> <span class='ocrx_word' id='word_1_364' title='bbox 470 4850 545 4903; x_wconf 75' lang='lat' dir='ltr'>MS.</span> <span class='ocrx_word' id='word_1_365' title='bbox 560 4852 621 4912; x_wconf 75' lang='lat'><strong>227,</strong></span> <span class='ocrx_word' id='word_1_366' title='bbox 635 4850 681 4903; x_wconf 88' lang='lat' dir='ltr'>sol.</span> <span class='ocrx_word' id='word_1_367' title='bbox 699 4853 763 4909; x_wconf 86' lang='grc'><strong>131;</strong></span> <span class='ocrx_word' id='word_1_368' title='bbox 783 4868 828 4903; x_wconf 87' lang='lat' dir='ltr'>see</span> <span class='ocrx_word' id='word_1_369' title='bbox 845 4851 901 4903; x_wconf 84' lang='lat' dir='ltr'>also</span> <span class='ocrx_word' id='word_1_370' title='bbox 917 4852 1035 4911; x_wconf 74' lang='lat' dir='ltr'>(laetere,</span> <span class='ocrx_word' id='word_1_371' title='bbox 1052 4851 1101 4903; x_wconf 86' lang='lat' dir='ltr'>col.</span> <span class='ocrx_word' id='word_1_372' title='bbox 1120 4853 1195 4912; x_wconf 71' lang='lat' dir='ltr'>loo-2,</span> <span class='ocrx_word' id='word_1_373' title='bbox 1213 4852 1309 4903; x_wconf 85' lang='lat' dir='ltr'>Iloeed.</span> <span class='ocrx_word' id='word_1_374' title='bbox 1325 4856 1384 4909; x_wconf 73' lang='lat'>361.</span> <span class='ocrx_word' id='word_1_375' title='bbox 1407 4852 1450 4904; x_wconf 82' lang='lat' dir='ltr'>M.</span> <span class='ocrx_word' id='word_1_376' title='bbox 1467 4853 1550 4913; x_wconf 64' lang='lat' dir='ltr'>l’urr&#39;a</span> <span class='ocrx_word' id='word_1_377' title='bbox 1569 4856 1626 4909; x_wconf 84' lang='lat' dir='ltr'>luo.</span> <span class='ocrx_word' id='word_1_378' title='bbox 1646 4852 1692 4903; x_wconf 88' lang='lat' dir='ltr'>but</span> <span class='ocrx_word' id='word_1_379' title='bbox 1709 4852 1808 4919; x_wconf 64' lang='lat' dir='ltr'>erpa-i.</span> 
     </span>
     <span class='ocr_line' id='line_1_36' title="bbox 345 4930 1390 5005; baseline 0.002 -22"><span class='ocrx_word' id='word_1_380' title='bbox 345 4930 397 5003; x_wconf 76' lang='lat' dir='ltr'>nlly</span> <span class='ocrx_word' id='word_1_381' title='bbox 407 4932 455 4987; x_wconf 90' lang='lat' dir='ltr'>tlre</span> <span class='ocrx_word' id='word_1_382' title='bbox 468 4950 531 5003; x_wconf 78' lang='lat' dir='ltr'>very</span> <span class='ocrx_word' id='word_1_383' title='bbox 543 4934 664 4987; x_wconf 78' lang='lat' dir='ltr'>ralueble</span> <span class='ocrx_word' id='word_1_384' title='bbox 680 4936 826 4989; x_wconf 76' lang='lat' dir='ltr'>Gcsclrr&#39;clrle</span> <span class='ocrx_word' id='word_1_385' title='bbox 838 4938 883 4987; x_wconf 85' lang='lat' dir='ltr'>der</span> <span class='ocrx_word' id='word_1_386' title='bbox 898 4936 1042 5005; x_wconf 76' lang='lat' dir='ltr'>Isreuzziige</span> <span class='ocrx_word' id='word_1_387' title='bbox 1052 4954 1098 4988; x_wconf 85' lang='lat' dir='ltr'>eoa</span> <span class='ocrx_word' id='word_1_388' title='bbox 1111 4936 1139 4987; x_wconf 89' lang='lat' dir='ltr'><em>F</em></span> <span class='ocrx_word' id='word_1_389' title='bbox 1138 4975 1144 4985; x_wconf 89' lang='lat'>.</span> <span class='ocrx_word' id='word_1_390' title='bbox 1162 4936 1267 4995; x_wconf 72' lang='lat' dir='ltr'>tViltor,</span> <span class='ocrx_word' id='word_1_391' title='bbox 1281 4935 1315 4987; x_wconf 90' lang='lat' dir='ltr'>iii.</span> <span class='ocrx_word' id='word_1_392' title='bbox 1330 4940 1390 4987; x_wconf 71' lang='lat'>⁸269.</span> 
     </span>
    </p>
   </div>
   <div class='ocr_carea' id='block_1_5' title="bbox 0 0 2362 6420">
    <p class='ocr_par' dir='ltr' id='par_1_10' title="bbox 0 0 2362 6420">
     <span class='ocr_line' id='line_1_37' title="bbox 0 0 2362 6420; baseline 0 0"><span class='ocrx_word' id='word_1_393' title='bbox 0 0 2362 6420; x_wconf 95' lang='lat' dir='ltr'> </span> 
     </span>
    </p>
   </div>
  </div>
 </body>
</html>
