4716 6428
424 722 525 800 Ab.
557 728 663 799 1251.
768 719 1086 800 CHRONICA
1120 724 1197 799 DE
1231 724 1520 803 MAlLROS.
1812 740 1880 819 179

421 934 579 1011 succellit
609 934 803 1022 Johannes,
839 935 998 1036 ejusdem
1032 937 1160 1012 domus
1195 939 1391 1015 monachus
1421 951 1458 1013 et
1493 941 1676 1040 quondam
1709 944 1803 1042 prior
1832 946 1878 1020 de

423 1056 526 1156 May.
1462 1138 1464 1142 ,

473 1177 542 1252 Per
559 1177 654 1252 idem
671 1189 813 1277 tempus
830 1176 994 1252 dominus
1014 1175 1212 1254 Herbertus
1230 1177 1343 1254 abbas
1361 1178 1407 1254 de
1427 1179 1578 1279 Kynlos,
1596 1182 1647 1256 vir
1664 1183 1877 1281 grandevus,

419 1297 627 1376 abbatizare
649 1298 834 1384 recusavit,
853 1298 910 1372 oui
931 1296 1106 1374 Ricardus
1123 1298 1282 1397 ejusdem
1301 1299 1429 1376 domus
1444 1301 1643 1377 monachus
1660 1302 1829 1379 succeffit.

469 1417 610 1494 Eodem
637 1443 731 1493 anno
752 1417 984 1493 obviaverunt
1007 1418 1103 1520 apud
1132 1419 1336 1494 Eboracum
1361 1418 1574 1522 H[enricus]
1594 1448 1656 1497 rex
1680 1422 1814 1526 Anglie
1840 1439 1876 1501 et

419 1535 662 1640 Assexander]
682 1564 744 1614 rex
771 1537 906 1624 Sentio,
932 1563 1014 1613 cum
1038 1538 1270 1641 magnatibus
1293 1552 1524 1640 utrorumque
1547 1567 1750 1645 regnorum,
1777 1555 1813 1620 et
1839 1547 1874 1621 in

418 1659 627 1736 dienatalis
648 1659 796 1735 Domini
820 1658 934 1759 [Dee.
953 1658 1018 1759 25]
1046 1660 1198 1761 suscepit
1222 1684 1244 1736 a
1268 1686 1353 1762 rege
1381 1660 1514 1763 Anglie
1539 1687 1602 1737 rex
1628 1663 1752 1743 Sootie
1776 1690 1875 1741 arma

328 1870 331 1874 ¹
417 1781 594 1867 militaria,
613 1793 649 1857 et
672 1782 708 1856 iu
732 1780 884 1855 crastino
910 1779 1020 1880 [Dec.
1038 1779 1105 1881 26]
1125 1780 1304 1882 copulavit
1329 1781 1392 1856 fibi
1416 1782 1452 1856 in
1475 1784 1739 1859 matrimonium
1765 1785 1874 1862 filiam

416 1899 568 2000 predita
586 1901 986 2004 regiaprimogenitam
1002 1902 1149 1976 nomine
1176 1900 1456 2002 Margaretam31'
1482 1902 1577 1978 undo
1597 1904 1736 1981 laetum
1761 1906 1812 1981 est
1835 1920 1874 1981 ut

417 2021 559 2098 Alanus
578 2022 752 2099 Ostiarius
769 2033 806 2097 et
823 2021 971 2123 quidam
992 2021 1052 2098 alii
1069 2021 1202 2097 ibidem
1220 2024 1467 2099 accusarentur
1486 2024 1582 2125 apud
1607 2049 1730 2127 regem
1751 2026 1873 2103 Scotie

417 2142 463 2218 de
480 2145 558 2244 ejus
584 2143 801 2245 proditione;
827 2155 1044 2244 quapropter
1069 2143 1172 2218 multi
1197 2143 1315 2218 officia
1332 2145 1395 2221 lua
1420 2145 1539 2220 coatti
1556 2147 1635 2221 sunt
1661 2145 1871 2248 relinquere,

415 2263 477 2339 alii
506 2264 569 2339 fibi
597 2266 762 2341 timentes
791 2265 881 2367 luga
907 2262 994 2364 lapli
1019 2265 1168 2364 turpiter
1201 2264 1493 2364 repatriaverunt.
1548 2264 1623 2340 Sed
1649 2288 1711 2341 rex
1749 2266 1871 2344 Scotie

416 2386 549 2461 cuneta
565 2386 750 2463 moderate
766 2397 804 2462 et
820 2408 903 2461 cum
925 2383 1068 2460 conlilio
1085 2384 1180 2486 regis
1199 2385 1332 2486 Auglle
1348 2384 1582 2486 bonestiflime
1607 2386 1755 2474 faciens,
1772 2413 1872 2489 repa·

416 2507 536 2582 triavit
567 2532 649 2582 oum
675 2508 739 2583 sua
770 2506 937 2608 conjuge.
996 2504 1046 2580 Et
1077 2505 1156 2582 hec
1186 2505 1293 2581 caula
1325 2506 1577 2592 accusatione
1608 2505 1782 2582 afferebat
1811 2534 1872 2583 rex

418 2627 551 2729 Anglie
564 2627 626 2702 fibi
639 2629 842 2703 intimatum
854 2625 955 2702 fuine
968 2626 1152 2701 dominum
1160 2626 1319 2702 Alauum
1333 2624 1550 2701 Hostiarium
1568 2626 1700 2712 Scotie,
1714 2639 1751 2703 et
1763 2627 1871 2703 etiam

414 2759 500 2823 tunc
512 2747 751 2848 justitiarium,
769 2770 852 2823 cum
869 2746 1102 2848 complicibus
1119 2747 1189 2821 luis
1205 2746 1354 2822 nuncios
1374 2770 1456 2822 oum
1473 2746 1679 2823 muneribus
1696 2748 1743 2823 ad
1761 2748 1871 2824 domi·

414 2891 500 2944 uum
517 2894 649 2969 papam
666 2867 839 2955 direxiffe,
857 2878 1036 2968 quatenus
1052 2867 1143 2942 filias
1159 2868 1252 2953 suas,
1270 2893 1361 2968 quas
1378 2892 1423 2942 ex
1440 2869 1557 2943 sorore
1573 2868 1669 2969 regis
1686 2881 1872 2970 genuerat.

415 2989 531 3066 taliter
556 2991 773 3092 legitimaret
799 3002 839 3064 ut
856 2988 882 3064 li
899 2988 986 3089 quid
1003 2987 1174 3063 finistrum
1198 2987 1275 3090 regi
1296 2987 1418 3063 Scotie
1444 2988 1602 3063 eveniret
1621 2988 1681 3064 ille
1698 3001 1871 3089 tanquam

347 3191 351 3199 ,
413 3110 563 3187 heredes
579 3110 730 3212 ligitime
748 3112 782 3188 ei
799 3111 836 3186 in
852 3132 966 3211 regno
982 3110 1232 3196 succederent;
1255 3108 1354 3209 quod
1376 3108 1647 3209 liimpetrallet,
1665 3109 1751 3184 nulli
1770 3110 1871 3185 dubi·

415 3256 475 3305 um
493 3232 579 3331 quiu
597 3231 755 3333 proditor
772 3231 867 3333 regis
883 3242 921 3306 et
938 3231 1061 3332 regine
1078 3230 1190 3305 fieret.

466 3352 574 3425 Auno
593 3351 740 3426 Domini
757 3351 908 3452 rnenlij.
926 3350 1111 3426 lohannes
1137 3349 1250 3427 abbas
1267 3350 1313 3424 de
1335 3349 1461 3425 saneto
1480 3348 1681 3424 Edwardoa
1696 3351 1758 3424 luo
1776 3351 1870 3425 oeffit

414 3471 544 3556 officio,
562 3483 599 3547 et
615 3473 792 3572 dompnus
811 3470 931 3548 Adam
947 3472 1127 3572 portariae
1139 3471 1185 3546 de
1204 3470 1340 3546 Melros
1357 3471 1391 3546 ei
1408 3469 1577 3546 suceeffit.

465 3590 607 3668 Eodem
625 3617 719 3667 anuo
737 3618 782 3667 ex
798 3592 867 3668 hac
883 3592 964 3668 luce
979 3593 1220 3694 migravemnt
1240 3591 1437 3667 Gaufridus
1454 3590 1567 3667 abbas
1584 3591 1630 3666 de
1646 3590 1772 3666 lautto
1788 3590 1870 3665 Ser·

414 3737 521 3797 uano,
539 3724 576 3786 et
595 3700 774 3788 Robertus
792 3711 904 3788 abbas
921 3712 968 3788 de
987 3712 1096 3800 Dete,
1115 3723 1151 3788 et
1168 3713 1288 3789 laetus
1310 3712 1361 3787 est
1380 3711 1493 3787 abbas
1510 3711 1556 3787 de
1574 3711 1673 3787 Dere
1692 3707 1869 3786 Hernicus

412 3835 508 3932 prior
525 3832 570 3908 de
586 3832 735 3934 Kpnloa
753 3846 790 3909 et
807 3833 992 3910 defuneto
1012 3833 1174 3910 Seruano
1189 3832 1348 3909 Michael
1366 3832 1523 3933 ejusdem
1540 3832 1667 3907 domus
1683 3832 1869 3932 portarius,

412 3952 497 4033 huic
514 3952 670 4030 sucoeffit
688 3954 864 4056 dompnus
876 3953 1062 4030 lohannes
1075 3955 1121 4030 de
1136 3951 1371 4056 Hadiugtone
1382 3951 1578 4028 monachus
1591 3952 1636 4029 de
1649 3952 1773 4028 sanem
1788 3951 1871 4027 Ser·

414 4099 520 4150 uano.

465 4194 568 4272 Obiit
586 4195 720 4273 Diana.

465 4316 574 4392 Auno
592 4316 741 4392 Domini
757 4315 920 4418 raceliij.
947 4315 1036 4392 obiit
1056 4314 1259 4392 Willelmus
1280 4316 1374 4392 filius
1394 4315 1562 4402 eomitis3¹
1586 4326 1625 4390 et
1642 4312 1762 4390 David
1781 4313 1869 4414 epis·

414 4461 526 4537 oopus
542 4438 656 4513 fanni
675 4437 800 4514 Andre
816 4463 861 4514 ex
883 4437 953 4513 hac
968 4436 1051 4514 luce
1075 4435 1242 4523 tranfivit,
1261 4438 1338 4538 post
1359 4437 1461 4538 cujus
1486 4434 1668 4511 tranfitum
1692 4434 1794 4510 faeta
1817 4432 1869 4507 est
2037 4524 2040 4530 .

414 4555 575 4631 diffeufio
590 4558 627 4632 in
640 4558 828 4646 eleuione,
846 4559 941 4634 uude
953 4558 1054 4636 fatu
1072 4557 1324 4660 appellatione,
1338 4559 1432 4673 prior
1445 4557 1558 4634 saneti
1577 4555 1723 4632 Andree
1735 4578 1780 4630 ex
1798 4575 1870 4628 una

451 4788 590 4853 'Fortium
605 4791 631 4845 ii.
644 4794 693 4853 84;
713 4790 758 4845 M.
773 4792 858 4855 Paris,
878 4808 924 4863 pp.
937 4795 999 4854 ⁵54,
1013 4795 1075 4854 555,
1089 4794 1157 4851 5563
1185 4791 1323 4862 Wyatoron,
1338 4788 1356 4841 i.
1370 4790 1432 4842 382.
1577 4785 1590 4818 l
1606 4786 1657 4841 See
1668 4793 1732 4839 note
1744 4781 1758 4807 ⁸
1771 4781 1869 4837 before.

412 4871 493 4928 'Itis
505 4874 696 4945 probebletbat
707 4875 760 4932 thiu
771 4874 1076 4933 individunlwmoneol
1083 4873 1130 4932 tbe
1140 4871 1229 4945 family
1238 4869 1270 4928 ol
1277 4870 1324 4929 tlte
1335 4867 1871 4932 mammaemammal

412 4961 448 5030 bt
460 4960 586 5033 ΒΨ·
