4716 6428
312 722 412 796 Ax).
436 728 542 795 1244.
668 716 983 795 CHRONICA
1017 717 1093 792 DE
1131 716 1417 792 MAILROS.
1698 728 1767 805 157

306 908 467 1030 jedtione
485 933 667 1033 perhenni.
720 932 835 1031 Super
852 931 944 1005 statu
962 931 1148 1004 miserabili
1167 943 1258 1004 terre
1277 932 1399 1005 sandte
1417 942 1454 1004 et
1471 932 1548 1031 ejus
1566 933 1766 1006 affliccioni·

312 1053 389 1138 buS,
404 1079 474 1152 que
488 1054 624 1127 noviter
642 1053 848 1126 acciderunt
862 1051 1032 1125 desubito
1047 1064 1082 1124 et
1095 1052 1276 1150 inopinato
1294 1052 1580 1125 Corosminorum
1599 1052 1766 1137 adventu,

310 1174 406 1270 quod
427 1174 524 1247 vobis
541 1199 604 1272 per
626 1173 781 1247 nostrum
798 1172 1035 1271 patriarcham
1053 1172 1159 1245 suerit
1182 1172 1394 1257 intimatum,
1414 1199 1435 1246 a
1453 1174 1623 1247 memoria
1641 1173 1768 1248 sansti-

312 1294 396 1367 tatis
413 1294 525 1367 vestro
551 1319 623 1367 non
647 1293 823 1367 credimus
847 1291 1023 1365 excidisse.
1086 1292 1180 1364 Cum
1205 1304 1326 1365 autem
1353 1292 1399 1366 ad
1425 1294 1566 1391 presens
1592 1294 1705 1392 major
1728 1292 1768 1367 s1t

309 1413 492 1487 necessitas
510 1414 714 1499 nunciandi,
733 1439 776 1487 eo
795 1412 893 1512 quod
910 1412 1024 1510 culpis
1041 1412 1165 1485 nostris
1183 1413 1408 1510 exigentibus
1425 1414 1711 1512 multiplicaverit
1731 1416 1765 1488 in

311 1532 424 1606 Terra
452 1535 575 1608 santra
605 1534 785 1608 Dominus
813 1533 867 1606 his
897 1533 1115 1630 temporibus
1145 1533 1299 1632 flagella,
1328 1532 1448 1606 vestris
1479 1532 1634 1619 auribus
1665 1547 1767 1633 pater

309 1653 529 1739 sanctissrme‚
544 1654 605 1753 qui
624 1655 658 1726 in
677 1654 818 1752 specula
834 1652 981 1726 Domini
1000 1652 1080 1725 estis
1094 1653 1270 1725 constituti
1290 1654 1391 1751 super
1405 1654 1493 1727 ulios
1506 1656 1766 1752 praeminentes,

309 1774 535 1847 ecclesiarum
553 1774 824 1848 sollicitudinem
839 1772 1018 1846 cotidiana
1032 1772 1195 1845 instantia
1211 1773 1428 1857 sustinentes,
1443 1775 1478 1846 in
1493 1778 1594 1874 cujus
1612 1774 1767 1850 humeris

308 1894 417 1967 archa
443 1895 591 1969 Domini
617 1894 840 1978 sustentatur,
868 1891 1013 1966 ecclesie
1043 1891 1318 1965 lerosolimitane
1346 1894 1498 1991 suspiria,
1526 1906 1562 1968 et
1590 1896 1765 1969 excidium

308 2015 429 2113 populi
452 2015 653 2100 Christiani,
680 2027 714 2087 ot
734 2014 930 2113 periculum
951 2012 1062 2085 Terre
1081 2012 1215 2096 sandte,
1234 2013 1466 2086 communiter
1489 2014 1652 2087 intimare
1670 2018 1766 2116 cogi-

307 2160 396 2208 mur.
451 2135 613 2208 Vestram
644 2136 766 2232 itaque
797 2133 1021 2207 sanstitatem
1051 2132 1215 2205 nolumus
1246 2132 1421 2231 ignorare,
1450 2134 1547 2231 quod
1575 2135 1765 2233 supradidti

311 2255 520 2340 Corosnrini,
545 2281 695 2355 quorum
714 2254 904 2327 crudelitas
922 2252 1104 2325 bestialem
1127 2253 1306 2325 seritatern
1330 2252 1481 2337 excedit,
1506 2266 1643 2352 partem
1666 2281 1765 2356 mag·

306 2400 390 2447 nam
423 2376 701 2448 lerosolimitane
732 2373 923 2473 provincie,
955 2372 1119 2445 videlicet
1150 2398 1172 2444 a
1200 2372 1337 2445 Nirone
1368 2373 1517 2447 rnilitum
1544 2376 1642 2473 quod
1667 2376 1764 2476 viij¹⁰.

307 2495 463 2568 miliariis
482 2495 586 2568 distat
611 2522 633 2567 a
654 2494 856 2577 Ierusalem,
875 2494 985 2590 usque
1011 2492 1057 2565 ad
1080 2505 1199 2590 partes
1219 2491 1396 2566 Ascalone
1415 2505 1450 2566 et
1471 2494 1621 2580 Gazaie,
1645 2496 1679 2567 in
1705 2497 1766 2569 ad·

306 2628 415 2688 ventu
443 2616 492 2688 sui
522 2614 701 2713 primordii
733 2624 964 2711 occuparunt,
994 2625 1029 2685 et
1061 2612 1220 2684 detinent
1248 2626 1473 2710 occupatam.
1528 2614 1588 2687 Ad
1616 2640 1766 2714 quorum

308 2735 498 2809 adventum
526 2736 630 2808 timor
657 2747 692 2807 et
719 2746 848 2807 tremor
875 2732 1136 2830 inopinabiliter
1163 2733 1198 2804 in
1225 2733 1402 2805 mentibus
1429 2733 1618 2808 Christiani
1644 2737 1766 2835 populi

307 2857 517 2953 supervenit,
545 2881 589 2929 co
615 2854 713 2954 quod
737 2854 772 2926 in
797 2854 888 2952 ipsos
910 2853 1005 2925 omni
1030 2851 1248 2926 crudelitatis
1270 2879 1403 2952 genere
1427 2853 1618 2941 deseviant,
1643 2882 1765 2931 eorum

308 2978 514 3077 sanguinem
532 2975 705 3060 ficientes,
720 2975 780 3073 qui
795 3000 876 3048 cum
895 3000 916 3046 a
934 2974 1033 3046 terris
1051 2972 1229 3047 natalibus
1242 2999 1304 3072 per
1320 2974 1551 3048 Tartarorum
1569 2978 1766 3074 potentiam

306 3095 370 3169 sint
389 3095 532 3195 expulsi,
556 3122 628 3170 non
651 3095 826 3169 habentes
845 3093 927 3167 alibi
952 3092 1181 3177 mansionem,
1200 3094 1235 3165 in
1259 3094 1432 3192 praedidla
1451 3108 1543 3169 terra
1567 3096 1613 3169 ad
1631 3098 1764 3171 soldani

310 3216 506 3316 Babylonie
524 3216 711 3315 imperium
730 3215 958 3298 accesserunt,
978 3214 1038 3312 qui
1057 3214 1108 3287 eis
1126 3225 1255 3286 terram
1274 3239 1382 3312 quam
1400 3214 1600 3290 inhabitant
1621 3217 1764 3291 Christi·

308 3338 378 3420 ani,
397 3336 523 3410 dicitur
541 3336 735 3411 contulisse.
789 3334 871 3408 Nec
889 3346 1059 3407 venerunt
1078 3344 1216 3406 tantum
1240 3345 1279 3406 ut
1303 3345 1430 3407 terram
1449 3334 1629 3409 destruant
1653 3350 1688 3410 et
1712 3364 1765 3411 re·

308 3457 449 3541 cedant,
476 3457 535 3531 scd
562 3483 641 3531 earn
669 3482 750 3529 cum
775 3454 943 3528 uxoribus
967 3466 1002 3527 et
1028 3454 1182 3537 familiis,
1207 3452 1305 3551 quasi
1331 3454 1520 3552 propriam,
1547 3456 1764 3544 inhabitaut3

308 3577 493 3651 credentes
516 3576 576 3651 fibi
601 3575 798 3650 mansiones
819 3587 855 3648 et
879 3573 1058 3648 domicilia
1081 3587 1253 3673 perpetuo
1271 3574 1471 3658 vendicare,
1496 3574 1558 3648 nifi
1575 3576 1683 3650 virtus
1703 3575 1766 3650 Al-

308 3698 421 3771 tilsrmi
449 3695 528 3796 ipsis
545 3697 729 3782 obstiterit,
754 3708 790 3770 et
813 3695 913 3769 sedes
937 3694 1129 3793 apostolica
1155 3719 1299 3767 manum
1324 3706 1446 3768 contra
1472 3695 1550 3769 illos
1572 3690 1765 3794 porrexerit.

308 3818 529 3916 adjutricem.
587 3817 765 3891 Soldenus
784 3816 879 3889 enirn
902 3814 1104 3914 praedidtus,
1124 3826 1232 3912 caput
1255 3814 1440 3915 sacrilegii,
1465 3842 1526 3889 cos
1549 3818 1705 3917 protegit
1728 3832 1764 3891 et

194 4008 201 4021 ,
308 3939 480 4022 defendit,
499 3950 535 4011 et
559 3938 594 4010 in
612 3937 792 4035 stipendiis
811 3949 847 4010 et
865 3936 1023 4011 exenniis
1041 3935 1238 4034 magnificis
1256 3936 1358 4008 servit
1376 3937 1439 4021 eiS,
1458 3936 1605 4011 credens
1623 3962 1686 4035 per
1704 3964 1765 4011 eos

307 4060 368 4134 libi
396 4085 546 4158 regnum
572 4058 837 4131 Damasceuum
861 4068 897 4130 et
920 4056 1092 4155 populum
1116 4055 1353 4128 Christianum
1377 4056 1579 4156 subjugare,
1604 4060 1765 4156 quamvis

308 4180 473 4254 soldanus
496 4179 591 4251 idem
613 4178 838 4251 Babilouiam
864 4203 935 4250 non
960 4187 1076 4261 exeat,
1103 4200 1171 4250 nec
1196 4175 1245 4248 illi
1263 4189 1393 4249 terram
1414 4176 1601 4251 Babilonie
1625 4178 1689 4252 srnt
1715 4180 1765 4251 in-

308 4316 400 4373 trare
418 4299 580 4398 permissr,
600 4299 685 4396 quia
703 4298 748 4372 do
766 4298 946 4397 praedidlis
969 4296 1144 4381 dubitant,
1169 4308 1311 4395 propter
1334 4297 1537 4395 potenciam
1560 4309 1597 4371 ot
1620 4299 1766 4373 insideli-

309 4432 419 4494 tatem
439 4420 603 4519 ipsorum.

361 4539 465 4613 Licet
491 4553 610 4613 autem
638 4540 925 4613 Corosminorum
951 4538 1096 4611 afflietio
1123 4538 1280 4611 sullicere
1306 4537 1507 4635 potuisset*
1533 4564 1603 4638 que
1630 4554 1766 4613 mentes

309 4659 468 4733 omniurn
494 4661 661 4735 affecerat
688 4659 779 4732 ultra
805 4658 963 4743 modum,
987 4657 1086 4731 dolor
1113 4657 1202 4730 alius
1226 4658 1424 4755 supervenit
1448 4657 1679 4730 Tartarorum
1705 4659 1766 4730 ad·

311 4791 431 4864 ventu,
449 4806 599 4879 quorum
617 4780 792 4855 exercitus
811 4778 1051 4852 inestimabilis
1070 4789 1182 4850 totam
1200 4778 1408 4851 orientalem
1426 4777 1571 4877 plagam
1590 4777 1710 4850 terruit
1730 4792 1763 4851 et

688 4945 705 4981 ¹¹
723 4941 783 4995 The
796 4942 869 4996 word
883 4950 900 4973 ‘⁴
911 4952 1002 5011 posset
1008 4942 1022 4961 '’
1034 4940 1056 4992 is
1068 4938 1218 5009 expuncted
1230 4939 1256 4992 iu
1268 4939 1316 4993 the
1332 4938 1390 4992 MS.
