4716 6428
339 730 438 806 AD.
470 736 576 805 1244.
697 726 1016 805 CHRONICA
1049 726 1124 803 DE
1162 727 1451 804 MAILROS.
1722 733 1790 809 163

385 1195 408 1226 “
424 1181 535 1256 Vrms
551 1179 719 1282 religiosis
731 1181 768 1255 in
782 1180 922 1256 Christo
940 1180 998 1255 Jo.
1018 1192 1054 1255 et
1073 1180 1219 1256 Andree
1233 1182 1324 1257 ultra
1336 1207 1435 1257 mare
1454 1182 1502 1257 D.
1518 1183 1659 1259 humilis
1676 1186 1785 1259 arch’.

338 1300 457 1375 Cireii.
489 1313 558 1376 etc.
616 1300 675 1376 De
704 1300 891 1386 flebilibus,
921 1300 1189 1386 miserabilibus,
1223 1301 1447 1388 terribilibus,
1481 1303 1716 1390 horribilibus,
1750 1316 1787 1379 et

333 1420 534 1521 dampnofis
550 1422 748 1497 rumoribus
760 1422 853 1497 ultra
869 1422 1024 1506 marinis,
1038 1422 1225 1497 recurratis
1238 1423 1285 1496 ad
1297 1424 1451 1522 priorem
1466 1423 1660 1524 Hospitalis
1673 1425 1785 1500 sensti

333 1541 355 1615 J
357 1541 518 1626 ohannis,
533 1544 593 1640 qui
608 1552 724 1641 portat
738 1542 814 1642 regi
829 1540 1114 1616 Christianissrmo
1128 1541 1345 1616 Francorum
1356 1543 1491 1618 litteras
1504 1569 1575 1619 uon
1590 1558 1787 1621 atramento
1865 1626 1870 1633 ,
1885 1608 1894 1621 .

332 1663 392 1737 sed
411 1664 582 1763 sanguine
599 1664 756 1762 scriptas,
774 1674 814 1735 ut
830 1663 953 1746 fertur,
974 1686 1045 1736 nou
1063 1663 1158 1736 enim
1175 1662 1244 1737 vidi
1266 1664 1358 1761 ipsas
1376 1663 1435 1738 sed
1453 1690 1515 1738 eos
1533 1667 1593 1764 qui
1613 1693 1673 1741 eas
1691 1667 1786 1741 vide·
1852 1646 1859 1658 ¹

331 1796 424 1869 runt,
438 1785 598 1860 dicentes
614 1783 726 1858 rubeo
740 1783 965 1882 conscriptas.
1012 1781 1053 1857 ln
1071 1783 1205 1856 summa
1218 1783 1346 1857 dicitur
1364 1784 1461 1883 quod
1478 1786 1644 1886 magister
1659 1787 1785 1887 Hospi-

331 1905 411 1978 talis
424 1918 460 1979 et
478 1917 572 1980 totus
586 1914 780 1978 conventus
796 1914 914 2002 preter
926 1927 982 1988 xv,
996 1913 1092 1978 totus
1105 1914 1300 1979 conventus
1312 1904 1467 2005 Templi,
1481 1917 1578 1981 totus
1591 1920 1785 1982 conventus

333 2023 528 2124 Hospitalis
541 2025 662 2100 sancte
678 2023 795 2099 Marie
808 2023 1099 2121 Teutonicomm,
1111 2025 1297 2122 perpaucis
1311 2025 1555 2112 evadentibus,
1566 2039 1642 2101 tota
1656 2028 1786 2102 milicia

331 2146 572 2231 ultramarina,
590 2170 744 2245 magnus
760 2144 913 2244 populus
928 2143 1206 2219 Christianorum
1224 2157 1439 2220 armatorum
1457 2159 1493 2220 et
1511 2172 1592 2221 curn
1609 2148 1676 2223 illis
1694 2147 1785 2223 Nas-

331 2267 430 2340 sarus
456 2267 621 2340 soldanus
640 2265 762 2349 Turci,
787 2275 823 2339 et
848 2262 994 2363 quidam
1021 2264 1110 2340 alius
1136 2264 1302 2340 soldanus
1324 2278 1450 2365 captus
1474 2267 1726 2343 aCorosminis
1749 2280 1785 2343 et

329 2385 534 2461 hominibus
552 2385 686 2461 soldani
705 2383 916 2484 Babylonie,
935 2384 1113 2459 interfedti
1132 2386 1210 2458 sunt
1227 2386 1325 2484 xvij0.
1344 2384 1403 2460 die
1424 2386 1602 2463 Ossobris.
1645 2388 1784 2462 Dicitur

331 2519 452 2580 tamen
470 2507 568 2607 quod
585 2530 706 2580 comes
725 2505 927 2580 Willelmus
950 2517 986 2579 et
1004 2504 1179 2603 dompnus
1199 2504 1382 2605 Philippus
1400 2508 1493 2606 capti
1518 2509 1608 2582 sunt.
1661 2508 1785 2583 Domi·

332 2652 397 2702 nus
414 2626 626 2726 patriarcha,
641 2638 677 2700 et
694 2625 973 2701 constabularius
991 2626 1189 2700 evaserunt.
1227 2622 1324 2700 Ecce
1341 2626 1461 2702 iustus
1478 2639 1515 2701 et
1531 2628 1782 2703 lamentatiol''

381 2867 495 2942 Amvo
513 2866 682 2942 u.cc.xlv.
702 2864 790 2940 obiit
807 2865 984 2964 dompnus
1000 2865 1112 2964 Hugo
1126 2864 1239 2941 abbas
1257 2865 1302 2940 dc
1320 2866 1445 2941 sentito
1462 2867 1634 2953 Seruano,
1654 2870 1704 2943 vir
1721 2894 1784 2968 per

329 2989 448 3063 omnia
464 2988 536 3061 vite
559 2986 747 3062 laudabilis
765 2998 801 3059 et
818 2987 914 3060 sacre
933 2986 1067 3060 zelator
1090 2985 1287 3086 religionis;
1313 2987 1370 3060 cui
1389 2986 1544 3063 successit
1566 2989 1601 3062 in
1619 2989 1783 3087 pasborali

329 3109 501 3208 regimine
524 3106 722 3182 monachus
748 3105 874 3181 domus
900 3105 1069 3206 ejusdem,
1099 3105 1270 3181 Matheus
1295 3107 1450 3192 nomine,
1476 3135 1508 3182 v.
1537 3109 1615 3183 idus
1639 3108 1784 3183 Martiid

332 3227 443 3326 [Mar.
468 3227 542 3327 11].

380 3348 487 3422 Anno
510 3348 638 3423 eodem
661 3348 802 3422 intravit
829 3346 1063 3422 innocencius
1085 3372 1179 3445 papa
1202 3347 1264 3446 iiij.
1289 3359 1418 3423 terram
1442 3348 1535 3447 regis
1560 3347 1722 3433 Francie,
1745 3349 1780 3422 in

329 3468 486 3542 adventu
505 3468 649 3544 Domini
671 3467 784 3567 [Dec.
803 3466 858 3566 3].

380 3589 488 3662 Anno
506 3588 633 3664 eodem
654 3586 960 3663 Christianislimus
977 3600 1013 3662 et
1032 3586 1114 3662 Deo
1133 3587 1285 3662 ducatus
1305 3586 1521 3673 Ludouicus‚
1545 3613 1606 3663 rex
1626 3587 1778 3662 Franco

329 3734 406 3782 rum
421 3708 573 3795 illustris,
588 3709 659 3784 Dei
673 3709 805 3783 cunsta
818 3708 974 3807 regentis
987 3720 1023 3782 et
1036 3707 1251 3807 disponentis
1264 3708 1495 3806 providentia,
1508 3709 1607 3808 gravi
1621 3720 1781 3809 arreptus

327 3829 379 3903 eit
396 3829 597 3905 infirmitate
614 3830 651 3904 in
666 3827 847 3905 Pariiiensi
864 3828 1019 3903 civitate.
1073 3827 1314 3902 Invalescente
1331 3853 1415 3902 vero
1432 3828 1545 3904 morbi
1562 3830 1780 3929 gravamine,

327 3965 364 4024 et
386 3962 486 4025 motu
503 3950 600 4024 vitali
618 3951 696 4049 jam
713 3949 879 4035 cessante,
897 3948 1083 4024 videbatur
1107 3974 1128 4022 a
1151 3947 1455 4023 circumstantibus
1477 3951 1599 4025 mortis
1621 3948 1780 4024 debitum

275 4108 278 4114 ¹
327 4070 535 4170 persolvisse.
579 4070 673 4145 Cum
685 4069 849 4170 jacuisset
868 4081 989 4145 autem
1006 4070 1109 4168 super
1125 4068 1260 4144 lassum
1273 4069 1404 4145 doloris
1415 4069 1670 4169 hujuscemodi,
1683 4071 1780 4146 nullo

327 4193 467 4291 penitus
493 4192 528 4265 in
552 4192 627 4290 ipso
651 4202 846 4291 apparente
868 4189 968 4292 signo
992 4190 1089 4265 vitali
1117 4215 1180 4289 per
1202 4188 1369 4275 triduum,
1391 4202 1536 4290 repente
1559 4190 1779 4289 stupentibus

328 4313 467 4387 cunstis
484 4313 545 4412 qui
564 4311 723 4396 aderant,
742 4311 889 4386 elevatis
905 4312 942 4386 in
959 4311 1076 4386 celum
1093 4311 1216 4396 oculis,
1235 4311 1330 4384 clara
1347 4335 1435 4385 voce
1453 4310 1632 4386 benedixit
1649 4336 1778 4386 nomen

331 4432 401 4505 Dei
415 4432 683 4531 omnipotentis!
714 4432 860 4507 Deinde
877 4432 1043 4532 episcopo
1058 4429 1284 4506 Parisiacenfi
1301 4431 1482 4516 accers1t0‚
1496 4429 1591 4530 jussit
1609 4443 1648 4505 ut
1664 4434 1777 4507 sacro·

328 4551 450 4626 sanste
475 4553 588 4627 crucis
610 4552 777 4627 vexillum
802 4553 998 4651 imponeret
1023 4551 1170 4626 humero
1193 4552 1267 4636 suo,
1293 4551 1517 4650 profestums
1541 4576 1671 4626 nomen
1694 4550 1779 4630 Jesu

376 4776 386 4798 ⁶
410 4778 435 4831 A
447 4776 500 4831 line
512 4776 560 4831 has
572 4779 639 4832 been
653 4779 716 4832 here
728 4777 821 4833 erased
833 4777 898 4831 from
912 4778 959 4832 the
971 4778 1141 4847 manuscript.
1267 4776 1279 4807 ‘¹
1300 4775 1359 4830 Itis
1374 4775 1509 4830 uncertain
1522 4775 1641 4829 whether
1652 4774 1705 4829 thia
1717 4776 1779 4832 date

327 4860 433 4931 (placed
451 4860 478 4914 in
490 4861 537 4915 the
555 4863 715 4934 manuscript
726 4880 762 4917 on
781 4880 797 4916 a
812 4861 865 4915 line
878 4863 912 4932 by
923 4859 1001 4924 itsels,
1016 4860 1069 4914 and
1085 4859 1269 4914 unconnected
1280 4859 1345 4914 with
1362 4858 1409 4912 the
1421 4869 1497 4929 entry
1508 4857 1596 4912 which
1612 4857 1737 4928 precedes
1749 4878 1780 4914 or

327 4944 430 4998 follows
443 4946 475 5014 it)
489 4945 596 5015 belongs
609 4956 638 4999 to
651 4946 697 5001 the
709 4955 791 5001 event
802 4956 831 5000 to
844 4944 932 5000 which
947 4944 1040 4999 lhave
1053 4943 1175 5015 adjoined
1186 4943 1215 4997 it.
1340 4943 1351 4967 ⁰
1369 4943 1400 4997 St
1414 4943 1496 4997 Louis
1508 4941 1555 4997 lesi
1570 4942 1668 4997 lhanca
1680 4942 1721 4998 sor
1732 4945 1779 5000 the

329 5027 401 5099 iloly
414 5027 491 5084 band
502 5047 538 5084 on
553 5029 654 5101 Friday,
672 5030 736 5085 lach
748 5029 819 5085 June
833 5031 910 5084 1248.
949 5028 1071 5090 uenatu.
1085 5045 1112 5099 p.
1129 5030 1188 5082 loo.
