4716 6428
451 370 658 513 qa,

305 718 530 797 nonos.
647 718 967 795 cunonrca
1000 719 1076 793 ua
1111 720 1404 797 Maruaos.
1684 733 1754 802 sor

300 934 379 1008 liter
392 933 577 1034 egressum,
595 960 640 1009 ne
657 933 788 1009 sortesi
805 932 972 1009 evaderet
985 933 1031 1008 de
1045 934 1138 1010 bello
1154 946 1190 1009 et
1207 935 1334 1010 iterum
1353 951 1529 1037 regnaret,
1544 941 1670 1015 iterato
1684 944 1753 1016 for·

300 1053 385 1130 tasse
404 1056 625 1155 recolligeret
643 1055 777 1130 alienos
795 1066 918 1129 contra
936 1054 1134 1155 indigenas
1153 1067 1189 1130 et
1206 1057 1306 1131 lieret
1323 1057 1522 1134 novissimus
1539 1085 1633 1134 error
1655 1062 1754 1160 pejor

298 1177 425 1273 priore.
471 1174 621 1271 Videtur
638 1201 725 1276 ergo
742 1174 840 1275 quod
856 1174 1008 1250 barones
1027 1177 1210 1251 voluerunt
1228 1202 1350 1277 regem
1369 1177 1500 1252 debere
1517 1181 1605 1255 mori
1623 1181 1753 1267 secum,

298 1294 402 1394 sripsr
420 1295 616 1370 debuissent
639 1296 726 1370 mori
750 1296 786 1368 in
810 1295 903 1369 bello
927 1296 962 1368 in
986 1321 1059 1395 quo
1083 1309 1255 1381 rexerat,
1280 1296 1410 1373 crebris
1433 1300 1573 1373 snorum
1596 1301 1753 1377 fidelium

298 1415 428 1490 cedens
445 1415 605 1516 preduris
622 1416 765 1501 istibus
780 1417 981 1516 incognitus
998 1416 1162 1490 nimirum
1181 1416 1318 1492 abillis.
1359 1419 1431 1504 Qui
1445 1420 1602 1494 nondum
1620 1422 1753 1497 valeret

298 1561 456 1636 pugnare
471 1563 553 1612 cum
571 1538 709 1621 ceteris,
723 1536 889 1635 qualibus
906 1535 1052 1610 vocibus
1070 1537 1180 1611 valuit
1197 1536 1375 1623 clamavit,
1391 1539 1525 1625 dicens,
1544 1555 1566 1586 “
1580 1567 1650 1641 ego
1664 1543 1751 1627 sum,

299 1656 475 1732 Henricus
492 1684 602 1732 senex
619 1683 681 1731 rex
701 1657 876 1756 Anglie;’'
896 1656 1088 1755 aliquando
1113 1682 1176 1756 per
1200 1658 1407 1756 “pietatem
1428 1660 1537 1745 Dei‚”
1557 1663 1750 1762 aliquando

295 1804 358 1877 per
376 1792 399 1823 ‘⁶
411 1778 529 1878 capud
544 1779 618 1852 Dei
626 1781 648 1808 '‘
663 1778 800 1876 jurans,
814 1788 850 1850 et
869 1774 1020 1851 asserens
1034 1776 1130 1876 quod
1149 1778 1221 1876 ipse
1235 1777 1320 1851 effer
1338 1804 1416 1865 rex;
1434 1781 1529 1854 unde
1544 1782 1593 1856 ait
1611 1783 1656 1857 ad
1674 1809 1751 1882 per·

295 1900 469 1974 cutientes
482 1901 530 1983 se,
549 1912 572 1943 “
586 1899 695 1973 nolite
708 1897 896 1981 me'ferire‚
910 1921 981 1970 non
1001 1897 1096 1970 enim
1114 1895 1249 1995 possum
1267 1924 1428 1997 pugnare
1446 1926 1508 2000 pre
1527 1902 1748 1978 senectute.’'

293 2018 541 2096 duramentum
559 2045 703 2119 quoqne
721 2042 909 2092 commune
927 2029 1004 2090 erat
1021 2018 1055 2090 ei
1068 2017 1189 2116 jurare
1206 2044 1269 2117 per
1287 2018 1372 2092 talia
1385 2019 1599 2118 juramenta.
1644 2023 1749 2098 Unde

293 2142 430 2217 laetum
449 2141 499 2213 est
520 2152 559 2213 ut
583 2139 666 2212 dnm
689 2140 892 2238 frequenter
910 2137 1028 2211 taliter
1047 2137 1156 2235 jurat,
1176 2137 1371 2212 detrahitur
1395 2140 1427 2213 ei
1452 2141 1559 2240 galea
1580 2145 1748 2242 cespite,
1872 2222 1875 2228 A

293 2275 329 2334 et
347 2273 528 2360 comperto
546 2286 609 2359 per
626 2259 756 2333 faciem
774 2257 871 2357 quod
892 2258 965 2356 ipse
983 2255 1069 2332 esset
1086 2283 1160 2343 rex,
1184 2259 1336 2332 eductus
1354 2260 1421 2333 snit
1439 2272 1538 2353 extra
1555 2265 1748 2339 exercitum

293 2383 533 2480 pereuntinm;
560 2380 821 2477 restituiturque
847 2377 905 2452 die
932 2377 1082 2451 crastino
1109 2404 1220 2477 regno
1247 2380 1321 2464 sno,
1349 2380 1395 2454 ad
1421 2394 1504 2484 vota
1526 2382 1747 2458 inimicorum

297 2502 451 2577 Simonis
469 2515 505 2575 et
523 2501 696 2574 baronum
714 2508 989 2598 peremptorum.
1044 2496 1092 2571 Et
1110 2499 1248 2572 fanum
1266 2500 1317 2572 est
1334 2500 1412 2598 post
1429 2525 1563 2598 paucos
1581 2502 1748 2578 ebdoma-

292 2623 355 2696 das
370 2635 408 2696 ut
422 2648 482 2696 rex
496 2621 581 2694 dum
594 2618 737 2694 cederet
751 2618 899 2717 propriis
913 2617 1062 2692 consiliis
1076 2629 1111 2691 et
1123 2617 1345 2717 quorundam
1359 2645 1556 2718 procemm,
1570 2625 1748 2723 propriam

291 2745 443 2817 sororem
465 2741 620 2816 Simonis
638 2764 784 2813 uxorem
802 2764 882 2812 cum
901 2738 973 2812 lilia
991 2739 1053 2811 sua
1071 2739 1188 2823 unica,
1210 2739 1404 2838 juvencula
1426 2741 1657 2839 pulcherima,
1676 2771 1746 2844 que

290 2864 412 2964 postea
429 2861 544 2963 nupsit
567 2859 716 2961 principi
733 2858 877 2943 Wallie,
891 2858 1133 2957 proscriberet,
1152 2860 1283 2958 pariter
1300 2871 1337 2934 et
1355 2873 1425 2936 tres
1442 2861 1532 2938 filios
1550 2864 1627 2962 ejus
1644 2878 1747 2940 natos

296 2985 449 3059 Simonis
467 2984 512 3058 de
530 2980 660 3055 sinibus
677 2980 778 3080 regni
796 2979 859 3054 fni.
914 2978 1061 3054 Mortuo
1079 2980 1200 3078 itaque
1223 2980 1369 3055 Simone
1388 3007 1470 3056 cum
1489 2981 1648 3084 Hugone
1667 2984 1747 3061 Dis·

291 3106 474 3204 pensatore
493 3114 528 3175 et
550 3103 627 3177 aliis
644 3099 823 3175 nobilibus
845 3111 949 3184 terre,
966 3099 1005 3173 sit
1030 3100 1196 3199 plancius
1220 3125 1371 3200 magnus
1389 3102 1424 3174 in
1447 3104 1580 3201 populo
1600 3104 1745 3206 Anglie,

290 3224 420 3324 quibus
438 3220 661 3322 postmodum
679 3218 836 3295 succedit
857 3219 963 3294 cansa
986 3219 1140 3320 ingentis
1158 3220 1281 3304 letitie,
1300 3220 1383 3295 dum
1402 3222 1447 3297 de
1464 3235 1577 3297 morte
1595 3227 1746 3323 pretiosa

290 3346 492 3419 sanctorum
511 3343 663 3416 virorum
680 3341 799 3415 santur
819 3339 890 3415 Dei
914 3340 1106 3440 magnalia.
1161 3340 1267 3413 Plura
1291 3341 1384 3414 enirn
1402 3340 1600 3442 signavere
1619 3344 1745 3421 sancti-

290 3466 373 3539 tatis
389 3464 475 3538 lecit
489 3462 592 3538 Deus
609 3488 672 3561 per
688 3461 894 3561 Hugonem,
913 3461 998 3534 dum
1012 3461 1195 3536 venientes
1213 3461 1259 3534 ad
1277 3461 1354 3560 ejus
1371 3462 1546 3536 tumulum
1564 3464 1640 3537 ceci
1657 3466 1743 3540 reci·

288 3588 390 3686 piunt
407 3585 529 3668 visum,
547 3583 665 3657 claudi
689 3582 827 3657 rectum
851 3579 1016 3682 gressum,
1034 3593 1071 3656 et
1089 3582 1159 3655 alia
1177 3606 1320 3680 queque
1344 3606 1428 3656 vere
1451 3582 1552 3657 reeta
1572 3585 1743 3659 miracula

287 3707 373 3781 lecit
388 3705 489 3778 Deus
506 3729 570 3802 pro
588 3704 662 3805 ipso
681 3728 832 3803 quorum
849 3701 1098 3778 rectitudinem
1113 3702 1185 3800 ipse
1203 3703 1395 3799 promeruit
1409 3728 1430 3775 a
1446 3702 1540 3788 Deo,
1558 3705 1642 3803 quia
1660 3731 1742 3781 vere

287 3828 500 3903 recluserat
517 3825 854 3925 semper‚quantum
872 3823 908 3897 in
926 3823 999 3922 ipso
1017 3835 1106 3908 erat,
1124 3823 1218 3896 circa
1235 3823 1485 3898 restitudinem
1498 3823 1672 3923 justorum
1684 3826 1740 3925 ju·

287 3947 457 4022 diciorum
473 3946 544 4019 Dei
562 3957 598 4019 et
616 3944 799 4019 hominum
817 3971 839 4018 a
857 3969 1008 4044 quorum
1021 3944 1169 4017 veritate
1183 3968 1386 4042 nuncquam
1401 3944 1511 4017 voluit
1525 3942 1685 4033 defledth
1704 3961 1739 4022 et

286 4069 366 4143 ideo
384 4068 548 4141 nimirum
569 4066 674 4139 Deus
692 4075 858 4163 operatus
876 4064 927 4139 est
944 4089 1007 4165 pro
1025 4064 1111 4163 ipso,
1126 4076 1165 4137 nt
1182 4063 1318 4139 dietum
1336 4063 1399 4148 esl,
1417 4065 1661 4162 postmortem
1679 4069 1740 4142 lua

286 4191 385 4263 rena
402 4212 545 4288 queque
564 4183 695 4270 divina,
714 4185 799 4284 quia
822 4184 953 4258 lineam
977 4184 1197 4259 restitudinis
1219 4185 1355 4281 semper
1379 4183 1492 4258 tenuit
1510 4185 1545 4258 in
1564 4187 1636 4260 vita
1655 4201 1737 4263 ante

282 4321 443 4382 mortem.

337 4429 411 4502 Sed
436 4426 593 4527 nucqnid
620 4426 844 4527 omnipotens
874 4424 979 4500 Deus
1005 4424 1193 4523 dereliquit
1222 4424 1403 4498 Simonem
1433 4424 1505 4501 fine
1535 4427 1735 4502 miraculis?

285 4547 388 4622 Nonl
415 4558 452 4620 et
468 4547 590 4620 itcirco
610 4546 829 4621 deducamus
847 4544 894 4619 ad
911 4545 1068 4620 medium
1086 4545 1200 4618 saltim
1217 4570 1333 4643 pauca
1355 4544 1548 4619 miraculab
1570 4543 1735 4622 divinitus

330 4702 342 4731 ¹¹
364 4700 424 4754 The
442 4699 560 4754 miracles
578 4701 697 4755 ascribed
714 4710 743 4754 to
758 4700 848 4754 Simon
861 4698 894 4753 de
911 4698 1040 4753 Montsort
1059 4697 1127 4752 have
1145 4699 1213 4752 been
1232 4698 1360 4752 collected
1378 4700 1413 4769 by
1430 4715 1504 4752 aorna
1522 4697 1633 4753 admirer
1650 4699 1683 4753 os
1696 4699 1736 4754 hia

281 4785 402 4855 sanctity,
417 4784 470 4838 and
482 4803 498 4838 a
510 4802 578 4856 copy
590 4785 621 4839 os
627 4785 700 4838 them
713 4785 734 4839 ia
747 4783 888 4854 preserved
906 4784 933 4837 in
945 4783 992 4837 the
1007 4783 1150 4838 Cottonian
1166 4782 1225 4837 MS.
1246 4784 1345 4853 Vesper.
1363 4783 1396 4836 A.
1412 4782 1446 4836 ri.
1460 4781 1505 4836 sol.
1522 4786 1580 4836 168.
1625 4784 1736 4856 syvell,

281 4873 307 4924 in
327 4870 367 4922 hia
383 4868 491 4940 History
504 4867 536 4923 os
544 4868 673 4939 England,
693 4868 773 4923 resera
792 4879 821 4924 to
839 4868 911 4924 what
930 4885 1041 4939 appears
1059 4877 1088 4920 to
1107 4869 1140 4920 be
1159 4865 1270 4920 another
1292 4866 1351 4920 MS.
1371 4867 1398 4919 in
1417 4865 1463 4919 the
1478 4865 1569 4920 Public
1584 4866 1693 4939 Library
1710 4879 1737 4922 at

283 4953 445 5024 camuauge.

651 5049 674 5118 2
692 5068 713 5118 c
