4716 6428
447 694 519 763 228
779 681 1145 767 ¹CHRONICON
1172 681 1572 758 RYTHMICUM.
1688 683 1787 757 Α.Ι).
1818 685 1925 761 1056.

506 903 614 976 Anno
632 901 736 976 mlvi.

627 1145 700 1218 Ter
719 1142 810 1216 deca
827 1142 934 1242 vjque
952 1142 1075 1216 valens
1093 1141 1196 1215 annis
1214 1151 1251 1215 et
1267 1139 1445 1216 menfibus
1463 1152 1545 1214 octo

677 1262 892 1338 Malcolmus
910 1262 1021 1337 decus
1038 1287 1098 1336 rex
1118 1275 1194 1336 erat
1212 1262 1248 1336 in
1270 1263 1404 1337 Scotia.

630 1384 830 1484 Anglorum
848 1382 977 1483 gladiis
994 1385 1029 1457 in
1049 1382 1143 1458 bello
1161 1383 1325 1457 stemitur
1342 1383 1464 1457 heros:

678 1505 750 1579 Hic
763 1530 825 1578 rex
842 1504 878 1577 in
901 1504 1023 1578 Scotia
1036 1504 1170 1602 primus
1187 1504 1354 1578 humatus
1373 1516 1460 1577 erat.

505 1749 612 1822 Anno
630 1747 768 1846 mxciij.
799 1745 1034 1819 Douenaldus
1052 1770 1204 1846 regnum
1225 1746 1346 1820 Scotie
1365 1746 1505 1821 invasit:
1524 1748 1569 1820 de
1588 1773 1660 1846 quo
1681 1747 1819 1831 dicitur,
1919 1816 1922 1821 ,

405 2051 419 2059 ,.
439 2056 464 2065 ,Α
508 2070 567 2095 Ἣ,
630 1987 813 2091 Mentibus
831 1987 867 2061 in
885 2012 997 2086 regno
1016 1989 1062 2089 vj.
1082 1990 1245 2089 regnavit
1264 1987 1512 2074 Douenaldus,

529 2102 531 2107 ’
680 2108 883 2184 Malcolmis
901 2109 995 2208 regis
1013 2110 1133 2195 frater,
1151 2111 1188 2182 in
1208 2108 1375 2184 Albania.

632 2230 788 2305 Abstulit
800 2229 884 2303 huic
901 2254 1052 2328 regnum
1073 2229 1271 2304 Duneanus
1290 2228 1581 2317 Malcolomides;

681 2350 864 2424 Mentibus
882 2363 919 2424 et
936 2350 1084 2424 totidem
1102 2362 1257 2425 rexerat
1275 2351 1310 2422 in
1333 2351 1466 2425 Scotia.

632 2473 704 2548 Hic
721 2473 788 2547 suit
806 2473 942 2546 occisus
961 2471 1209 2546 Mernenfibus
1227 2472 1263 2545 in
1284 2471 1562 2547 Monodedhn0:

682 2595 740 2668 De
758 2594 852 2667 male
870 2593 1020 2668 vivendo
1038 2592 1139 2693 plebs
1153 2593 1281 2692 premit
1299 2594 1412 2667 omnis
1430 2594 1541 2666 illum.

498 2844 508 2862 '
636 2834 767 2909 Rursus
786 2834 1003 2919 Dofnaldus‚
1024 2835 1207 2909 Duncano
1225 2860 1311 2934 rege
1328 2848 1514 2934 perempto

686 2955 814 3030 Temis
833 2981 894 3029 rex
913 2955 1015 3029 annis
1033 2954 1132 3056 regia
1146 2955 1229 3054 jura
1248 2967 1357 3029 tenet.

638 3076 776 3177 Captus
795 3076 840 3150 ab
860 3075 1008 3177 Edgaro
1027 3076 1100 3149 vita
1117 3076 1275 3175 privatus
1293 3088 1330 3149 at
1349 3076 1407 3150 ille

687 3196 876 3298 Roscolpin
894 3197 999 3282 obiit;
1026 3196 1170 3297 ollaque
1191 3196 1280 3271 luna
1297 3209 1407 3272 tenet.

638 3440 721 3514 Post
734 3440 828 3513 hunc
844 3438 1011 3539 Edgarus
1029 3440 1192 3541 regnavit
1210 3451 1262 3514 ter
1280 3439 1394 3514 tribus
1409 3440 1529 3514 annis:

688 3559 766 3635 Rex
786 3559 1007 3660 Edenburgo
1025 3561 1136 3634 fertur
1154 3559 1262 3634 obiise
1281 3560 1424 3660 probus.

641 3801 753 3905 Regis
773 3802 969 3877 Alexandri
984 3828 1134 3903 regnum
1153 3802 1290 3876 duravit
1305 3803 1415 3878 aristis

690 3923 859 4021 Quinque
877 3922 931 3996 bis
945 3934 982 3995 et
999 3925 1145 4020 septem,
1163 3922 1340 3997 mentibus
1358 3936 1466 4023 atque
1485 3926 1580 3999 otto.

643 4042 684 4114 In
706 4042 828 4116 Scotia
845 4054 922 4116 tota
940 4042 1126 4142 postquam
1144 4069 1214 4142 pax
1232 4044 1333 4118 firma
1350 4044 1507 4146 vigebat,

691 4160 816 4235 Fertur
835 4161 930 4261 apud
952 4162 1116 4236 Strivelin
1134 4188 1228 4238 mors
1242 4164 1392 4264 rapuille
1411 4191 1545 4266 regem.

644 4401 707 4476 Bis
725 4401 815 4475 deca
832 4426 893 4475 rex
911 4402 1012 4475 annis
1031 4402 1152 4476 David
1169 4404 1236 4477 luit
1255 4416 1364 4503 atque
1382 4409 1529 4481 novenis

695 4522 737 4595 ln
759 4522 898 4607 Scocia,
917 4534 1022 4596 caute
1040 4524 1186 4622 provida
1203 4527 1432 4626 prospiciens,

646 4642 838 4742 Postquam
857 4643 1007 4718 castellis
1024 4669 1174 4746 regnum
1192 4647 1341 4721 munivit
1359 4660 1395 4721 et
1414 4650 1531 4734 armis

696 4763 774 4838 Rex
795 4763 976 4839 Carduille
994 4765 1104 4840 fertur
1122 4765 1230 4843 obiffe
1249 4768 1366 4842 senex.
