4716 6428
642 720 690 795 26
993 716 1313 793 CHRONICA
1346 717 1422 792 DE
1459 717 1747 795 MAILROS.
1895 721 1996 797 AD.
2015 731 2101 807 905.

698 925 827 999 Christi
844 926 980 999 famula
999 925 1166 1000 Elswitha
1184 927 1309 1027 regina
1326 925 1480 1013 deceffit,
1507 953 1588 1026 quae
1610 927 1860 1002 monasterium
1877 929 2104 1007 saneiimoni-

646 1049 753 1121 alium
772 1045 963 1121 construxit
983 1046 1190 1121 Wintoniae.

697 1167 804 1241 Anno
824 1167 995 1266 neccevj.
1014 1192 1237 1267 paganorum
1256 1167 1430 1242 exercitus
1448 1192 1575 1266 pacem
1593 1169 1679 1242 fecit
1697 1193 1779 1243 eum
1797 1194 1883 1270 rege
1903 1170 2091 1247 Edwardo.

697 1286 801 1361 Rollo
820 1288 881 1386 qui
908 1300 944 1361 et
972 1286 1174 1361 Rodbertus
1200 1288 1333 1387 primus
1356 1287 1428 1362 dux
1455 1287 1720 1362 Normanorum
1747 1289 1900 1376 deeeffit,
1929 1293 1986 1365 eui
2012 1293 2104 1368 filius

645 1411 726 1482 suus
747 1407 949 1482 Willelmus
970 1406 1100 1508 Longa
1117 1410 1218 1509 spata
1235 1407 1403 1483 suceeflit.

697 1528 858 1602 Cometis
876 1529 948 1603 visa
966 1528 1028 1603 est.

696 1650 804 1723 Anno
822 1650 1007 1750 neccevij.

696 1771 803 1846 Anno
823 1771 1019 1869 necceviij.
1036 1770 1131 1843 Kaer
1148 1771 1281 1870 legion,
1300 1795 1370 1868 que
1389 1794 1483 1843 nunc
1504 1769 1764 1870 Legacestriam
1783 1771 1923 1857 die-itur,
1937 1772 2031 1872 juffu
2049 1799 2101 1848 re·

643 1892 698 1989 gis
717 1890 883 1965 Edwardi
901 1892 1095 1964 restaurata
1114 1891 1176 1964 est.

696 2011 855 2110 [Eodem
873 2036 980 2096 anno,
999 2011 1103 2110 periit
1122 2010 1327 2086 Dosnaldus
1344 2036 1406 2084 rex
1428 2010 1662 2110 Scottorum]

694 2131 802 2206 Anno
822 2133 995 2228 necceix.

694 2252 801 2327 Anno
821 2279 981 2328 neceex.
1001 2253 1074 2328 offa
1099 2253 1211 2328 saneii
1233 2251 1386 2327 Oswaldi
1404 2253 1499 2353 regis
1526 2264 1562 2326 et
1588 2253 1750 2352 martyris
1767 2253 1812 2327 de
1841 2251 2048 2327 Bariieneia
2066 2255 2101 2327 in

623 2373 820 2447 Merciam
838 2372 1006 2447 transsata
1023 2374 1114 2447 sunt.

691 2494 799 2567 Anno
815 2494 987 2593 neccexj.
1000 2494 1036 2568 in
1050 2493 1231 2593 provincia
1241 2491 1519 2578 Stanfordenfin,
1532 2493 1568 2566 in
1581 2494 1661 2570 loco
1675 2495 1736 2592 qui
1750 2493 2099 2579 diciturTotenhale‚

641 2616 731 2688 inter
751 2613 892 2713 Anglos
910 2627 946 2687 et
965 2613 1092 2688 Danos
1110 2613 1244 2713 infigne
1261 2614 1425 2712 proelium
1444 2611 1608 2699 habetur,
1635 2626 1672 2688 et
1689 2614 1836 2689 tandem
1856 2613 1967 2715 Angli
1988 2613 2099 2689 vieto-

641 2734 693 2806 ria
710 2734 905 2833 potiuntur.

692 2855 799 2927 Anno
818 2855 1003 2954 neccexij.
1024 2853 1228 2929 Eiielredus
1246 2854 1318 2927 dux
1338 2853 1556 2928 Merciorum
1574 2853 1675 2939 obiit,
1693 2853 1773 2953 post
1790 2879 1898 2953 quem
1916 2880 2004 2928 uxor
2022 2856 2098 2953 ejus

639 2973 796 3048 AElfleda
813 2974 885 3047 filia
903 2975 997 3075 regis
1018 2974 1188 3048 Alueredi
1207 3000 1357 3074 regnum
1375 2974 1465 3047 rexit
1484 2973 1715 3048 Mereiorum.

691 3094 798 3169 Anno
817 3094 1014 3193 neccexiij.
1042 3094 1199 3168 AElfleda
1228 3094 1447 3168 Merciorum
1475 3094 1620 3168 domina
1648 3094 1839 3169 construxit
1867 3093 2019 3193 burgum
2051 3097 2096 3168 ad

643 3215 836 3288 Scoriate.¹¹

689 3335 796 3408 Anno
816 3335 1028 3436 neccexiiij.
1047 3334 1205 3409 AElfleda
1223 3334 1415 3408 construxit
1441 3334 1696 3409 Tamewrthe.⁰

690 3456 862 3531 Sihtrieus
880 3457 1010 3530 oceidit
1028 3481 1151 3556 regem
1170 3455 1334 3529 Mellum.

686 3577 794 3651 Anno
830 3602 1011 3652 neceexV.
1061 3575 1283 3652 Werefridus
1317 3575 1461 3651 saueius
1491 3576 1676 3675 episeopus
1709 3574 1937 3660 Wieiiorum,
1979 3576 2014 3650 id
2044 3577 2094 3650 est
2150 3598 2196 3652 fol.
2211 3605 2237 3655 6.
2251 3600 2276 3654 b.

638 3696 838 3796 Wigornie,
857 3696 957 3782 obiit,
976 3697 1032 3770 cui
1051 3695 1207 3770 succeflit
1228 3696 1451 3771 Adelhunus.

686 3816 826 3890 Elfleda
844 3817 1034 3890 construxit
1053 3815 1237 3891 Edeibirip
1254 3829 1290 3889 et
1311 3816 1498 3891 Warewic.

687 3935 795 4009 Anno
811 3937 1006 4035 neccexvj.
1026 3962 1087 4010 rex
1105 3935 1346 4011 invifflflimus
1361 3936 1557 4010 Edwardus
1573 3935 1827 4022 Bedesordam,
1846 3937 1904 4010 inq
1921 3937 2018 4011 suam
2038 3963 2094 4012 ac·

635 4057 729 4154 cepit
747 4056 782 4128 in
796 4057 980 4142 ditionem,
993 4056 1190 4155 urbemque
1209 4057 1243 4129 in
1263 4057 1404 4130 australi
1417 4069 1517 4156 parte
1531 4057 1684 4130 fluminis
1701 4055 1783 4130 Usae
1797 4057 1902 4131 condi
1914 4059 2093 4156 praecepit.

686 4175 824 4249 Elfleda
843 4177 1034 4250 construxit
1056 4175 1249 4251 Chirebiri¹
1266 4190 1302 4252 et
1322 4176 1501 4253 Warebiri
1519 4189 1555 4251 et
1576 4177 1785 4251 Runcouen.

686 4295 793 4369 Anno
813 4297 1021 4396 neccexvij.
1049 4296 1190 4372 Elfleda
1210 4297 1300 4372 misit
1318 4299 1512 4373 exercitum
1536 4299 1572 4371 in
1594 4297 1751 4371 Waliam
1770 4310 1806 4371 et
1824 4298 1928 4371 vieiis
1949 4297 2095 4371 Walen-

669 4514 687 4538 ¹¹¹
705 4516 774 4570 Now
798 4517 940 4570 Leicester.
1050 4516 1063 4540 ¹²
1080 4518 1211 4586 Scergate,
1235 4521 1296 4572 Sat,
1313 4520 1423 4578 Chron.,·
1446 4518 1593 4587 Sceargete,
1610 4520 1637 4569 S.
1651 4518 1773 4570 Dunelm.
1797 4515 1848 4571 col.
1875 4520 1942 4577 153;
1965 4518 2094 4577 Hovedcn,

634 4603 760 4664 scoriate,
790 4603 826 4654 Η.
851 4603 955 4661 Hunt.,·
975 4600 1022 4654 the
1046 4601 1153 4672 locality
1177 4603 1199 4656 is
1224 4604 1369 4656 uncertain·
1528 4601 1540 4625 ⁰
1557 4602 1626 4655 Now
1654 4601 1817 4662 Tamwort11‚
1844 4600 1872 4653 in
1899 4601 2094 4654 Staffordshire.

632 4686 728 4739 'Now
743 4685 907 4755 Eddesbury‚
922 4686 948 4738 in
964 4685 1101 4739 Chesliire.
1142 4687 1202 4740 The
1215 4690 1276 4740 Sat.
1297 4688 1387 4739 Cliron.
1410 4686 1463 4739 and
1476 4688 1503 4739 S.
1518 4687 1640 4738 Dunelm.
1652 4684 1714 4737 read
1729 4684 1888 4751 Eadesbirig.
1999 4684 2094 4738 ‘'This

631 4773 704 4824 word
724 4771 745 4824 is
767 4770 923 4823 redundant.
1059 4770 1067 4793 ¹
1084 4772 1153 4825 Now
1169 4771 1315 4839 Clierbury,
1330 4771 1357 4823 in
1382 4769 1558 4840 Shropshire3
1582 4769 1764 4831 Wardboroiv‚
1789 4769 1816 4821 in
1832 4767 2021 4830 Oxsortkliir03
2042 4768 2094 4823 and

632 4855 812 4916 Runikhorne,
828 4855 854 4906 in
870 4852 1006 4908 Cheshire.
