4716 6428
589 705 639 781 90
943 696 1264 774 CHRONICA
1296 697 1373 772 DE
1407 694 1699 770 MAILROS.
1814 694 1914 770 A.D.
1946 700 2052 781 1179.

644 909 845 985 Willelmus
866 936 927 985 rex
949 911 1070 985 Scotie
1094 923 1130 984 et
1149 910 1271 984 Dauid
1295 911 1402 983 frater
1424 908 1517 992 suuS,
1541 931 1624 980 cum
1642 907 1830 983 comitibus
1851 921 1887 982 et
1914 911 2053 987 baroni·

591 1031 657 1104 bus
675 1042 767 1105 terre
789 1056 870 1104 curn
890 1032 1045 1105 exercitu
1069 1057 1202 1130 magno
1225 1043 1260 1104 et
1278 1030 1395 1103 valido
1414 1039 1643 1127 perrexerunt
1661 1029 1696 1101 in
1717 1027 1820 1113 Ros‚¹¹
1842 1030 1963 1130 ibique
1982 1033 2054 1107 duo

590 1152 816 1225 firmaverunt
834 1151 988 1235 castella,
1007 1177 1137 1224 nomen
1156 1151 1216 1223 uni
1237 1149 1421 1222 Dunscath
1441 1161 1476 1222 et
1494 1173 1624 1221 nornen
1644 1147 1744 1221 alteri
1764 1149 1992 1247 Eperdover.¹

642 1270 751 1345 Anno
775 1272 947 1345 mclxxx.
974 1272 1061 1346 obiit
1085 1270 1268 1345 Johaunes
1297 1268 1409 1343 abbas
1435 1268 1480 1342 de
1507 1267 1634 1353 Kalc0,
1665 1268 1792 1344 Osbert
1819 1272 1914 1372 prior
1939 1275 2051 1350 tanen
2097 1277 2141 1330 fel·
2156 1282 2199 1331 ²2·

592 1391 755 1466 Machuti
775 1391 942 1466 successit.

643 1512 889 1589 Controversia
916 1537 1049 1612 magna
1075 1537 1156 1610 quae
1184 1509 1385 1584 vertebatur
1411 1508 1501 1582 inter
1529 1508 1675 1582 domum
1701 1510 1746 1585 de
1771 1510 1907 1587 Melros
1930 1527 1967 1588 et
1992 1515 2052 1590 Ri-

591 1633 736 1706 cardum
755 1633 799 1706 de
820 1633 984 1706 Moreuia
1003 1632 1104 1729 super
1122 1630 1252 1705 foresta
1270 1643 1305 1703 et
1322 1630 1464 1727 pastura
1482 1630 1572 1702 inter
1593 1629 1712 1730 Galge
1731 1643 1766 1705 et
1788 1631 1917 1719 Ledre,
1936 1635 2053 1711 decisa

590 1754 641 1827 est
663 1754 697 1826 in
718 1753 904 1851 praesentia
925 1751 1095 1824 ll'illelmi
1119 1752 1213 1851 regis
1235 1751 1438 1824 Scottorum
1462 1761 1498 1822 et
1516 1750 1654 1824 comitis
1674 1751 1796 1826 Dauid
1813 1753 1929 1827 fratris
1947 1757 1997 1830 sui
2015 1771 2052 1830 et

590 1899 709 1963 coram
735 1874 811 1947 aliis
829 1885 901 1946 tarn
924 1871 1165 1945 ecclesiasticis
1190 1896 1299 1970 quarn
1323 1870 1537 1944 secularibus
1559 1872 1716 1968 personis
1740 1872 1930 1950 innumeris
1953 1877 2051 1975 apud

595 1992 795 2077 Hadintun‚
827 1994 1006 2067 dominica
1032 1992 1150 2065 media
1174 1990 1443 2091 quadragesime
1472 1991 1584 2089 [Mar.
1607 1992 1687 2091 30],
1712 2006 1748 2068 et
1774 1994 1846 2069 Dei
1872 1996 2049 2096 adjutorio

589 2114 824 2212 respondebat
847 2113 1031 2187 monachis
1050 2112 1187 2210 justitia
1204 2113 1266 2185 sua
1290 2113 1324 2186 in
1350 2111 1419 2185 hac
1442 2124 1555 2211 parte,
1574 2113 1623 2186 ita
1640 2113 1805 2189 videlicet
1822 2116 1931 2214 quod,
1950 2118 2048 2192 char·

589 2246 703 2307 tarum
722 2237 862 2308 suarum
885 2236 1010 2308 merito
1033 2246 1068 2307 et
1089 2233 1352 2333 privilegiorum
1373 2232 1535 2306 Romane
1554 2232 1699 2308 ecclesie
1718 2234 1944 2323 austeritate,
1969 2238 2049 2339 ipsrs

589 2354 794 2452 adjudicate
813 2355 863 2428 est
880 2352 1069 2454 possessio.k

639 2475 863 2548 Venerabilis
877 2488 912 2549 et
931 2474 1134 2573 spestabilis
1153 2474 1298 2547 scientia
1315 2486 1351 2547 et
1369 2474 1557 2548 sanstitate
1576 2474 1638 2559 vir,
1655 2474 1853 2551 Balduinus
1871 2478 1983 2553 abbas
2001 2480 2046 2555 de

590 2593 708 2667 Forda
729 2596 764 2668 in
783 2595 987 2694 episcopum
1005 2595 1146 2693 eligitur
1167 2593 1401 2668 Wirecestriae
1420 2606 1456 2667 et
1474 2595 1624 2693 respexit
1645 2594 1821 2671 Dominus
1840 2597 1886 2670 ad
1909 2598 2047 2673 humili·

587 2726 697 2788 tatem
722 2715 838 2814 ipsius,
857 2741 963 2814 quem
987 2716 1070 2788 licet
1087 2716 1157 2788 rite
1181 2715 1345 2788 meritum
1368 2715 1487 2788 multis
1508 2715 1712 2815 praetulerit,
1729 2716 1909 2793 humilitas
1926 2732 2046 2795 tamen

587 2835 660 2909 sola
679 2836 714 2909 in
729 2837 921 2935 conspeslu
935 2836 1082 2909 Domini
1100 2836 1199 2910 illum
1217 2835 1407 2920 exaltavit3
1431 2861 1498 2909 nec
1516 2836 1610 2909 enim
1628 2837 1801 2910 mundum
1818 2840 1969 2940 respexit
1986 2841 2046 2916 sed

587 2956 745 3055 despexit
762 2982 829 3030 nec
847 2958 1003 3056 captarit
1021 2983 1111 3055 quos
1129 2957 1279 3030 calcarit
1296 2957 1460 3031 honores,
1699 2964 1704 2971 '

638 3076 762 3150 Alexis
779 3078 901 3150 sanste
922 3076 1084 3151 Romane
1103 3078 1248 3152 ecclesie
1273 3078 1508 3157 subdiaconus
1526 3091 1562 3152 et
1580 3079 1772 3177 apostolice
1790 3078 1880 3153 sedis
1897 3082 2047 3156 nuncius

586 3209 625 3272 ut
651 3197 696 3270 de
722 3199 821 3271 sesto
848 3197 992 3272 ecclesie
1018 3198 1129 3272 sensti
1155 3199 1300 3273 Andree
1324 3224 1445 3273 verum
1472 3200 1714 3299 cognosceret,
1746 3225 1896 3299 regnum
1924 3201 2045 3275 Scotie

586 3344 667 3393 cum
682 3317 704 3392 J
706 3319 847 3392 ohanne
862 3319 990 3403 elude,
1016 3345 1101 3418 rege
1119 3319 1301 3393 Willelmo
1316 3320 1371 3392 vix
1386 3321 1624 3419 permittente,
1639 3321 1792 3425 intravit,
1806 3320 2045 3421 plurimosque

584 3439 739 3513 turbarit
756 3451 793 3513 et
810 3466 870 3513 cor
888 3440 982 3540 regis
1000 3440 1045 3512 ad
1064 3440 1150 3513 iram
1169 3441 1412 3539 prot·0carit.¹¹¹

635 3559 818 3634 Johannes
836 3562 948 3635 sensti
969 3560 1114 3635 Andree
1138 3561 1276 3635 elesius
1294 3587 1315 3634 a
1334 3561 1478 3636 domino
1502 3587 1597 3661 papa
1617 3561 1822 3636 Alexandro
1840 3562 1989 3636 mittitur
2010 3564 2044 3637 in

586 3681 683 3753 curia
718 3681 957 3765 confirmatus,
993 3682 1052 3756 sed
1083 3707 1146 3779 pro
1181 3682 1356 3781 dignitate
1391 3682 1537 3756 ecclesie
1567 3681 1680 3756 saneti
1710 3682 1855 3757 Andree
1886 3695 1922 3757 et
1951 3685 2045 3783 regis

585 3800 719 3873 bonore
743 3802 778 3873 in
801 3800 882 3874 sede
902 3801 1090 3899 episcopali
1116 3827 1137 3874 a
1159 3802 1288 3899 quibus
1305 3802 1412 3875 vellet
1430 3802 1602 3901 episcopis
1623 3803 1903 3887 consecrandus3
1937 3828 2045 3902 quem

587 3918 711 3993 Alexis
735 3920 926 4018 praedistus
944 3921 1021 4018 post
1044 3921 1156 3993 multa
1178 3921 1319 3995 consilia
1343 3923 1516 4021 pluraque
1540 3925 1747 4023 gravamina
1771 3924 1880 3997 etiam
1904 3949 2044 3998 excom·

585 4040 773 4113 municatis
792 4039 1000 4137 quibusdam
1025 4042 1119 4141 regis
1144 4042 1279 4115 clericis
1303 4043 1442 4141 insuper
1465 4044 1669 4144 episcopatu
1694 4044 1805 4118 saneti
1826 4043 1970 4119 Andree
1994 4044 2044 4117 in·

584 4158 749 4242 coruino,
774 4160 918 4233 tandem
937 4162 1140 4235 convocatis
1163 4161 1347 4260 episcopis
1372 4163 1562 4238 abbatibus
1586 4164 1825 4265 religiosisque
1843 4165 1925 4240 viris
1948 4163 2043 4264 apud

632 4388 644 4417 ¹¹
660 4389 765 4440 Fordrm
775 4387 848 4450 adds,
862 4397 979 4442 “contra
989 4389 1181 4453 blackwilliarn‚
1193 4391 1240 4444 sed
1250 4409 1312 4445 rero
1320 4393 1427 4446 nomine
1436 4394 1621 4449 Dorenaldum
1632 4396 1739 4458 Ban,''i.
1749 4400 1816 4460 4793
1829 4398 1877 4451 the
1884 4400 2046 4469 subsequent

583 4471 676 4527 details
690 4490 733 4525 are
745 4473 822 4541 given
834 4473 869 4542 by
881 4473 927 4525 tlte
940 4491 1012 4526 sarne
1026 4474 1120 4535 writer,
1135 4475 1161 4527 in
1175 4474 1221 4527 tlre
1234 4474 1367 4545 sollowing
1379 4494 1453 4546 page.
1564 4479 1570 4509 ¹
1592 4481 1698 4533 Fordun
1712 4482 1796 4535 varies
1808 4481 1856 4535 tlre
1868 4482 2046 4552 orthograpby

583 4558 610 4610 iu
625 4575 642 4610 a
653 4556 747 4625 trifling
767 4556 868 4625 degree,
892 4566 910 4586 ⁴·
922 4557 1081 4611 Dunsclratlr
1094 4568 1121 4611 et
1136 4559 1306 4621 Edirdorar‚''
1326 4560 1386 4621 and,
1408 4562 1546 4631 according
1563 4572 1592 4615 to
1611 4564 1652 4617 his
1672 4564 1764 4629 editor,
1780 4566 1857 4619 other
1877 4566 1965 4636 copies
1983 4567 2046 4621 read

585 4650 603 4672 ·‘
615 4641 764 4695 Edirdona’'
777 4659 807 4694 or
822 4649 839 4671 “
850 4641 1006 4703 Edirtoun,‘’
1018 4642 1035 4695 i.
1050 4646 1111 4699 479.
1234 4644 1245 4675 ¹
1267 4646 1311 4697 An
1324 4655 1425 4699 extract
1438 4645 1503 4699 srorn
1516 4647 1563 4701 the
1576 4647 1678 4701 clrarter
1690 4650 1766 4718 given
1779 4651 1815 4721 by
1830 4650 1945 4704 William
1958 4661 1987 4705 to
1999 4650 2046 4705 the

583 4736 706 4788 convent,
721 4726 749 4778 in
761 4724 942 4780 confirmation
956 4726 988 4779 os
995 4725 1047 4779 tlris
1060 4726 1185 4790 decision,
1200 4728 1221 4781 is
1234 4729 1338 4798 printed
1351 4730 1377 4782 in
1390 4729 1437 4783 the
1450 4731 1566 4785 Monart.
1582 4733 1686 4794 dnnals,
1701 4752 1727 4803 p.
1739 4738 1801 4792 217.
1911 4734 1919 4769 ¹
1936 4735 1979 4789 lle
1992 4754 2046 4789 was

583 4811 754 4864 consecrated
767 4828 838 4880 upon
851 4809 897 4863 the
913 4810 976 4863 luth
989 4810 1021 4863 os
1031 4812 1143 4880 August,
1159 4814 1277 4875 Germe,
1293 4814 1343 4867 col.
1362 4818 1437 4871 1457.
1590 4814 1609 4838 ¹²¹
1631 4816 1682 4870 See
1696 4819 1809 4882 Pardua,
1824 4819 1841 4873 i.
1856 4822 1909 4873 352
1917 4840 1925 4881 ;
1946 4820 2043 4881 Hoeed,

583 4896 628 4949 sol.
640 4898 701 4959 341,
713 4895 765 4949 and
778 4894 824 4949 tlte
835 4894 969 4965 following
981 4913 1068 4966 peges.
