4716 6428
506 784 513 793 ,
602 716 671 783 112
950 705 1267 781 CHRONICA
1300 706 1376 781 DE
1414 706 1705 782 MAILROS.
1826 708 2058 785 A.D.l2ll.

603 954 624 998 a
641 927 676 999 se
696 924 893 1024 abigentes
912 923 1009 995 suarn
1027 922 1186 995 volentes
1199 921 1424 1006 constituere,
1440 921 1615 995 catholice
1628 920 1711 995 sidei
1726 922 1936 1023 religionem
1950 926 2060 998 mani·

600 1045 689 1118 sesta
703 1044 947 1142 persecutione
964 1042 1276 1140 impugnaverant3
1296 1067 1339 1115 ex
1357 1040 1578 1139 persuasione
1597 1041 1788 1140 apostolice
1807 1043 2059 1119 admonitionis

603 1180 639 1237 et
656 1166 783 1237 virtute
801 1162 897 1237 verbi
916 1162 1033 1235 divine
1059 1162 1329 1260 praedicationis
1349 1161 1408 1235 sed
1426 1173 1462 1235 et
1489 1162 1727 1260 principaliter
1745 1187 1789 1235 err
1807 1166 1923 1263 gratia
1942 1166 2059 1241 divine

601 1284 847 1384 inspirationis,
866 1282 1077 1357 unanimiter
1101 1294 1223 1355 contra
1246 1281 1437 1380 praedictos
1455 1281 1571 1354 divine
1595 1281 1685 1379 legis
1703 1279 1872 1357 derisores
1896 1310 1967 1357 non
1986 1311 2059 1359 mo-

603 1406 681 1478 dica
700 1404 803 1477 turba
820 1403 977 1477 fidelium
995 1402 1030 1475 in
1049 1402 1207 1501 partibus
1225 1402 1428 1476 coadunata
1446 1401 1496 1474 est
1516 1401 1739 1487 Tholosanis,
1758 1428 1840 1500 que,
1859 1404 1976 1478 divine
1994 1408 2060 1478 vir-

602 1525 687 1598 tutis
706 1524 941 1624 dispositione,
960 1523 995 1595 in
1014 1523 1109 1596 acies
1127 1522 1321 1622 dispartita,
1336 1546 1483 1621 pungna
1497 1521 1682 1620 campestri
1697 1522 1839 1621 qualem
1851 1547 1923 1596 non
1937 1528 2058 1599 memi-

601 1647 652 1718 nit
670 1658 746 1719 etas
765 1644 992 1745 praesencium
1012 1642 1206 1716 infidelium
1223 1642 1377 1741 stragem
1395 1641 1581 1716 dederunt.
1636 1640 1718 1715 Hoc
1736 1654 1856 1717 autem

827 1885 981 1959 Festum
999 1882 1049 1958 est
1067 1909 1160 1957 anno
1179 1882 1335 1957 milleno.
1355 1881 1409 1956 bis
1428 1893 1580 1956 centeno
1598 1882 1814 1966 monodeno,

828 2003 1100 2104 Septembriquo
1119 2003 1188 2078 die.
1208 2014 1335 2102 quarta
1353 2002 1431 2101 post
1447 2002 1537 2076 festa
1557 2000 1686 2086 Mario,

601 2248 663 2321 snb
682 2248 773 2322 duce
791 2243 1076 2320 Christianiffimo
1091 2256 1127 2317 ot
1141 2243 1270 2317 comite
1282 2241 1502 2316 invietiffimo
1521 2242 1678 2327 Simone,
1693 2242 1792 2316 dicto
1806 2242 1850 2316 de
1866 2241 2058 2319 Munsordu

600 2369 655 2441 vel
673 2369 719 2442 de
739 2365 954 2448 Rochesord
982 2365 1042 2463 qui
1061 2364 1204 2438 eosdem
1228 2390 1250 2436 a
1273 2362 1444 2461 principio
1463 2361 1763 2437 vehementissimo
1781 2364 1919 2438 fervore
1945 2367 2058 2463 perse

599 2508 731 2585 quutus
749 2486 811 2561 est.

650 2605 732 2680 Hac
750 2607 857 2680 etiam
875 2606 932 2678 vix
949 2605 1048 2678 linita
1071 2616 1108 2679 et
1126 2602 1256 2677 cassata
1280 2600 1558 2702 perturbatione,
1585 2614 1621 2676 et
1644 2628 1730 2677 ecce
1757 2628 1880 2677 recens
1905 2603 2058 2704 subrepit

602 2726 880 2800 Christianorum
894 2725 1036 2799 aliunde
1055 2724 1275 2824 persecutio!
1315 2722 1518 2821 impetuosa
1536 2723 1630 2796 enirn
1648 2734 1685 2795 et
1702 2723 1937 2823 ignominiosa
1954 2723 2058 2797 turba

599 2872 820 2946 paganorum
838 2871 920 2918 cum
938 2844 1042 2919 classe
1059 2870 1131 2917 non
1157 2843 1299 2918 modica
1316 2867 1379 2941 per
1400 2842 1504 2915 litora
1524 2840 1706 2942 Hyspanie
1735 2843 1967 2943 applicuerat,
1996 2846 2057 2943 qui

598 2979 634 3038 et
664 2966 881 3040 Christianos
908 2966 953 3038 ad
979 2964 1215 3063 proeliandum
1233 2963 1479 3036 invitaverunt.
1535 2960 1576 3034 ln
1604 2987 1694 3060 quos
1715 2988 1776 3036 rex
1794 2966 2055 3063 magnanimus,

599 3087 812 3184 cognomine
830 3097 949 3160 tamen
974 3110 1034 3158 rex
1052 3109 1193 3183 parvus,
1212 3108 1294 3157 cum
1313 3081 1612 3156 commilitonibus
1635 3083 1705 3157 suis
1728 3084 1911 3184 insurgens
1929 3085 2057 3159 virtute

599 3206 717 3280 divina
742 3207 817 3280 sero
841 3230 964 3280 omnes
982 3203 1245 3304 conquassavit3
1271 3203 1328 3276 vix
1347 3202 1441 3277 enirn
1468 3228 1528 3275 rex
1555 3213 1591 3277 et
1613 3204 1778 3303 princeps
1800 3229 1923 3279 eorum
1941 3204 2058 3281 dictus

598 3328 643 3400 de.
663 3326 840 3410 Mairhoc,
859 3352 939 3399 cum
957 3325 1113 3399 maxima
1131 3323 1329 3424 ignominia
1347 3324 1446 3398 vivus
1464 3320 1606 3396 evasit.w

650 3445 728 3519 Rex
757 3458 876 3521 autem
905 3445 1035 3530 Gallie,
1054 3457 1183 3519 terram
1209 3444 1303 3544 regis
1324 3443 1456 3544 Anglie
1482 3444 1519 3516 in
1545 3445 1782 3519 transmarinis
1811 3445 1971 3545 partibus
1996 3445 2058 3521 sibi

599 3565 834 3665 subjugando,
849 3590 920 3639 non
933 3564 1113 3639 modicum
1127 3566 1335 3664 sanguinem
1349 3563 1502 3637 essudit?k
1531 3563 1758 3638 Consimilem
1772 3576 1892 3639 autern
1905 3566 2058 3667 stragem

600 3712 659 3759 rex
674 3685 819 3787 Anglie,
831 3698 959 3759 terram
974 3683 1159 3783 Hybernie
1177 3697 1214 3758 et
1230 3684 1357 3757 Wales
1374 3682 1436 3756 fibi
1455 3683 1691 3783 subjugand0,
1710 3687 1955 3784 perpetravit.y
1984 3686 2056 3761 Sed

599 3818 636 3878 et
653 3830 713 3879 rex
736 3806 856 3879 Scotie
873 3805 984 3878 silium
1009 3802 1260 3888 Macwillelmi‚
1282 3801 1447 3877 Guthred
1465 3803 1608 3889 scilicet,
1626 3805 1869 3904 persequendo
1886 3808 2058 3905 proprios·

599 3952 669 4025 que
687 3925 892 4000 sedudlores
910 3923 1134 4008 destruenda,
1153 3923 1344 3996 multorum
1363 3923 1538 3996 cadavera
1555 3924 1750 3997 inanimata
1767 3926 1934 4024 reliquit.²

651 4047 758 4118 Anno
772 4045 933 4143 meonij.
953 4043 1038 4118 exiit
1056 4069 1077 4116 a
1095 4045 1230 4117 summo
1248 4042 1415 4141 pontifice
1433 4041 1647 4117 lnnocencio
1665 4044 1833 4143 generale
1850 4045 2058 4120 mandatum

599 4168 635 4239 in
654 4189 795 4238 ornnem
812 4163 1011 4239 Christiane
1029 4161 1246 4262 professionis
1264 4162 1459 4261 regionem,
1484 4174 1523 4236 ut
1540 4163 1637 4237 omni
1655 4162 1808 4239 cessante
1832 4166 2058 4241 excusatione

600 4285 747 4359 universr
759 4284 983 4360 ecclesiarum
994 4283 1151 4383 pastores
1159 4282 1205 4356 ad
1217 4282 1596 4383 terminumprefirrum,
1607 4284 1738 4358 scilicet
1751 4298 2055 4359 annon⁰.ce⁰.xv⁰.

647 4497 659 4519 ¹¹
676 4498 727 4552 See
737 4499 826 4569 Dugd.
841 4499 906 4551 Bor.
915 4498 932 4551 i.
947 4497 1013 4559 752;
1034 4496 1110 4567 ley,
1119 4496 1154 4549 iii.
1168 4500 1230 4549 456.
1340 4494 1357 4517 '
1371 4497 1495 4560 Henoult,
1505 4515 1532 4567 p.
1545 4500 1605 4550 144.
1626 4496 1692 4551 This
1705 4498 1806 4568 victory
1818 4516 1872 4553 was
1883 4498 1978 4569 gained
1985 4515 2058 4569 upon

602 4582 664 4635 rath
678 4581 749 4652 July,
766 4584 842 4643 1212,
858 4582 893 4651 by
907 4579 1048 4651 Alphonso
1063 4580 1114 4633 IX.
1128 4580 1190 4649 king
1202 4578 1234 4634 os
1241 4579 1357 4641 Custille,
1372 4580 1451 4634 Peter
1465 4580 1502 4633 11.
1518 4580 1581 4650 king
1592 4580 1625 4634 os
1634 4582 1761 4651 Arragan,
1773 4583 1825 4636 and
1840 4581 1947 4637 sancho
1962 4582 1983 4635 l.
1996 4581 2058 4651 king

599 4665 631 4720 os
641 4666 775 4725 Narone,
794 4683 839 4719 see
852 4665 908 4718 also
922 4666 1065 4735 Knyglton,
1080 4663 1130 4717 col.
1145 4667 1224 4717 2418.
1279 4665 1367 4717 Tricet
1380 4664 1475 4718 rolates
1487 4663 1546 4718 tlrat
1558 4666 1605 4719 the
1617 4664 1679 4735 king
1691 4665 1723 4719 os
1732 4666 1851 4737 Arragan
1863 4677 1923 4721 sent
1935 4683 1964 4721 as
1976 4684 1994 4719 a
2004 4675 2059 4719 tro-

599 4749 654 4820 pby
666 4750 699 4802 os
706 4748 747 4803 his
760 4750 870 4820 victory,
885 4758 914 4803 to
926 4748 973 4802 tlte
986 4765 1065 4818 popo,
1078 4748 1126 4802 the
1139 4747 1214 4802 lance
1226 4747 1279 4801 and
1292 4748 1417 4802 standard
1430 4747 1462 4801 os
1473 4748 1680 4812 Meramomelin‚
1695 4768 1722 4819 p.
1739 4752 1798 4803 155.
1909 4748 1921 4773 ¹
1933 4750 2056 4809 Henetus.

598 4853 625 4903 p.
643 4838 706 4895 144;
727 4834 803 4906 verzy,
816 4834 851 4886 iii.
865 4833 931 4895 4673
953 4832 1044 4895 L‘Art
1058 4832 1076 4885 i.
1090 4835 1152 4886 581.
1250 4830 1262 4861 ¹
1282 4832 1425 4903 Kayglttom
1440 4831 1490 4885 col.
1504 4836 1589 4896 241&
1608 4832 1653 4887 M.
1669 4835 1753 4897 Paris,
1767 4851 1794 4904 p.
1812 4837 1870 4888 160.
1992 4834 2059 4885 For·

599 4920 659 4979 dun,
673 4918 691 4970 i.
705 4921 767 4980 531,
781 4918 803 4971 is
816 4934 888 4972 more
901 4917 1010 4989 copious
1023 4917 1050 4970 in
1063 4916 1103 4971 his
1115 4924 1230 4973 account
1241 4915 1273 4970 os
1280 4915 1332 4970 this
1344 4916 1525 4971 insurrection.
