<?xml version="1.0" encoding="UTF-8"?>
<!DOCTYPE html PUBLIC "-//W3C//DTD XHTML 1.0 Transitional//EN"
    "http://www.w3.org/TR/xhtml1/DTD/xhtml1-transitional.dtd">
<html xmlns="http://www.w3.org/1999/xhtml" xml:lang="en" lang="en">
 <head>
  <title>
</title>
<meta http-equiv="Content-Type" content="text/html;charset=utf-8" />
  <meta name='ocr-system' content='tesseract 3.04.00' />
  <meta name='ocr-capabilities' content='ocr_page ocr_carea ocr_par ocr_line ocrx_word'/>
</head>
<body>
  <div class='ocr_page' id='page_1' title='image "./chronicademailr00stevgoog_0160.png"; bbox 0 0 4716 6428; ppageno 0'>
   <div class='ocr_carea' id='block_1_1' title="bbox 356 632 1813 743">
    <p class='ocr_par' dir='ltr' id='par_1_1' title="bbox 356 632 1813 743">
     <span class='ocr_line' id='line_1_1' title="bbox 356 632 1813 743; baseline -0.001 0"><span class='ocrx_word' id='word_1_1' title='bbox 356 665 595 743; x_wconf 80' lang='lat' dir='ltr'><strong>A.D.1216.</strong></span> <span class='ocrx_word' id='word_1_2' title='bbox 694 632 1022 740; x_wconf 75' lang='lat' dir='ltr'>&#39;ouaouion</span> <span class='ocrx_word' id='word_1_3' title='bbox 1055 662 1126 738; x_wconf 80' lang='lat' dir='ltr'>nu</span> <span class='ocrx_word' id='word_1_4' title='bbox 1161 662 1451 739; x_wconf 75' lang='lat' dir='ltr'>marinos.</span> <span class='ocrx_word' id='word_1_5' title='bbox 1744 674 1813 741; x_wconf 78' lang='lat'>125</span> 
     </span>
    </p>
   </div>
   <div class='ocr_carea' id='block_1_2' title="bbox 345 877 1812 4205">
    <p class='ocr_par' dir='ltr' id='par_1_2' title="bbox 348 877 1812 2903">
     <span class='ocr_line' id='line_1_2' title="bbox 356 877 1812 978; baseline 0 -23"><span class='ocrx_word' id='word_1_6' title='bbox 356 879 657 955; x_wconf 88' lang='lat' dir='ltr'>Westmustrenfis</span> <span class='ocrx_word' id='word_1_7' title='bbox 671 892 707 953; x_wconf 86' lang='lat' dir='ltr'>et</span> <span class='ocrx_word' id='word_1_8' title='bbox 720 879 813 978; x_wconf 93' lang='lat' dir='ltr'>prior</span> <span class='ocrx_word' id='word_1_9' title='bbox 830 877 1105 963; x_wconf 88' lang='lat' dir='ltr'>Cautuariensis‚</span> <span class='ocrx_word' id='word_1_10' title='bbox 1120 903 1183 976; x_wconf 93' lang='lat' dir='ltr'>pro</span> <span class='ocrx_word' id='word_1_11' title='bbox 1196 877 1419 952; x_wconf 85' lang='lat' dir='ltr'>libertatibus</span> <span class='ocrx_word' id='word_1_12' title='bbox 1434 878 1658 953; x_wconf 86' lang='lat' dir='ltr'>ecclesiarum</span> <span class='ocrx_word' id='word_1_13' title='bbox 1673 881 1812 955; x_wconf 92' lang='lat' dir='ltr'>suarum</span> 
     </span>
     <span class='ocr_line' id='line_1_3' title="bbox 352 998 1812 1102; baseline -0.002 -25"><span class='ocrx_word' id='word_1_14' title='bbox 352 1004 455 1102; x_wconf 88' lang='lat' dir='ltr'>super</span> <span class='ocrx_word' id='word_1_15' title='bbox 472 1001 701 1076; x_wconf 82' lang='lat' dir='ltr'>coronatione</span> <span class='ocrx_word' id='word_1_16' title='bbox 719 1001 826 1100; x_wconf 66' lang='lat' dir='ltr'>regis</span> <span class='ocrx_word' id='word_1_17' title='bbox 840 1011 963 1072; x_wconf 91' lang='lat' dir='ltr'>contra</span> <span class='ocrx_word' id='word_1_18' title='bbox 978 999 1114 1072; x_wconf 71' lang='lat' dir='ltr'>distum</span> <span class='ocrx_word' id='word_1_19' title='bbox 1133 998 1348 1072; x_wconf 79' lang='lat' dir='ltr'>cardinalem</span> <span class='ocrx_word' id='word_1_20' title='bbox 1367 1000 1413 1072; x_wconf 92' lang='lat' dir='ltr'>ad</span> <span class='ocrx_word' id='word_1_21' title='bbox 1432 1000 1655 1073; x_wconf 87' lang='lat' dir='ltr'>audienciam</span> <span class='ocrx_word' id='word_1_22' title='bbox 1674 1002 1812 1099; x_wconf 88' lang='lat' dir='ltr'>aposto·</span> 
     </span>
     <span class='ocr_line' id='line_1_4' title="bbox 351 1117 1811 1221; baseline -0.002 -24"><span class='ocrx_word' id='word_1_23' title='bbox 351 1125 419 1197; x_wconf 88' lang='lat' dir='ltr'>lice</span> <span class='ocrx_word' id='word_1_24' title='bbox 447 1123 539 1197; x_wconf 89' lang='lat' dir='ltr'>sedis</span> <span class='ocrx_word' id='word_1_25' title='bbox 565 1122 843 1221; x_wconf 88' lang='lat' dir='ltr'>appellaverunt.</span> <span class='ocrx_word' id='word_1_26' title='bbox 899 1117 1200 1192; x_wconf 84' lang='lat' dir='ltr'>Weslmustrensis</span> <span class='ocrx_word' id='word_1_27' title='bbox 1227 1119 1391 1192; x_wconf 86' lang='lat' dir='ltr'>videlicet</span> <span class='ocrx_word' id='word_1_28' title='bbox 1417 1121 1503 1218; x_wconf 91' lang='lat' dir='ltr'>quia</span> <span class='ocrx_word' id='word_1_29' title='bbox 1530 1120 1612 1193; x_wconf 92' lang='lat' dir='ltr'>alibi</span> <span class='ocrx_word' id='word_1_30' title='bbox 1640 1146 1748 1219; x_wconf 91' lang='lat' dir='ltr'>quain</span> <span class='ocrx_word' id='word_1_31' title='bbox 1776 1122 1811 1194; x_wconf 94' lang='lat' dir='ltr'>iii</span> 
     </span>
     <span class='ocr_line' id='line_1_5' title="bbox 354 1238 1812 1337; baseline -0.002 -20"><span class='ocrx_word' id='word_1_32' title='bbox 354 1241 681 1325; x_wconf 87' lang='lat' dir='ltr'>Westmonasterio‚</span> <span class='ocrx_word' id='word_1_33' title='bbox 704 1238 967 1314; x_wconf 87' lang='lat' dir='ltr'>Cantuaiienfis</span> <span class='ocrx_word' id='word_1_34' title='bbox 985 1264 1068 1312; x_wconf 90' lang='lat' dir='ltr'>vero</span> <span class='ocrx_word' id='word_1_35' title='bbox 1087 1239 1172 1337; x_wconf 87' lang='lat' dir='ltr'>quia</span> <span class='ocrx_word' id='word_1_36' title='bbox 1195 1238 1240 1312; x_wconf 91' lang='lat' dir='ltr'>ab</span> <span class='ocrx_word' id='word_1_37' title='bbox 1265 1239 1335 1311; x_wconf 88' lang='lat' dir='ltr'>alio</span> <span class='ocrx_word' id='word_1_38' title='bbox 1354 1265 1461 1337; x_wconf 94' lang='lat' dir='ltr'>quam</span> <span class='ocrx_word' id='word_1_39' title='bbox 1487 1267 1508 1314; x_wconf 91' lang='lat' dir='ltr'>a</span> <span class='ocrx_word' id='word_1_40' title='bbox 1532 1241 1675 1314; x_wconf 92' lang='lat' dir='ltr'>domino</span> <span class='ocrx_word' id='word_1_41' title='bbox 1701 1242 1812 1315; x_wconf 90' lang='lat' dir='ltr'>archi·</span> 
     </span>
     <span class='ocr_line' id='line_1_6' title="bbox 351 1359 1811 1463; baseline -0.002 -25"><span class='ocrx_word' id='word_1_42' title='bbox 351 1365 516 1463; x_wconf 90' lang='lat' dir='ltr'>episcopo</span> <span class='ocrx_word' id='word_1_43' title='bbox 538 1360 796 1445; x_wconf 88' lang='lat' dir='ltr'>Cantuarieusi,</span> <span class='ocrx_word' id='word_1_44' title='bbox 815 1371 938 1433; x_wconf 93' lang='lat' dir='ltr'>contra</span> <span class='ocrx_word' id='word_1_45' title='bbox 954 1359 1136 1433; x_wconf 84' lang='lat' dir='ltr'>libertates</span> <span class='ocrx_word' id='word_1_46' title='bbox 1161 1371 1197 1432; x_wconf 92' lang='lat' dir='ltr'>et</span> <span class='ocrx_word' id='word_1_47' title='bbox 1220 1360 1405 1460; x_wconf 84' lang='lat' dir='ltr'>privilegia</span> <span class='ocrx_word' id='word_1_48' title='bbox 1423 1360 1647 1434; x_wconf 87' lang='lat' dir='ltr'>ecclesiarum</span> <span class='ocrx_word' id='word_1_49' title='bbox 1672 1363 1811 1436; x_wconf 90' lang='lat' dir='ltr'>suarum</span> 
     </span>
     <span class='ocr_line' id='line_1_7' title="bbox 350 1480 1811 1583; baseline -0.001 -26"><span class='ocrx_word' id='word_1_50' title='bbox 350 1486 467 1558; x_wconf 88' lang='lat' dir='ltr'>suerat</span> <span class='ocrx_word' id='word_1_51' title='bbox 497 1494 699 1557; x_wconf 88' lang='lat' dir='ltr'>coronatus.</span> <span class='ocrx_word' id='word_1_52' title='bbox 755 1480 955 1556; x_wconf 88' lang='lat' dir='ltr'>Cardinalis</span> <span class='ocrx_word' id='word_1_53' title='bbox 986 1489 1108 1553; x_wconf 87' lang='lat' dir='ltr'>autem</span> <span class='ocrx_word' id='word_1_54' title='bbox 1126 1480 1348 1578; x_wconf 86' lang='lat' dir='ltr'>appellantes</span> <span class='ocrx_word' id='word_1_55' title='bbox 1379 1483 1721 1567; x_wconf 83' lang='lat' dir='ltr'>excommunicavit3</span> <span class='ocrx_word' id='word_1_56' title='bbox 1750 1482 1811 1583; x_wconf 89' lang='lat' dir='ltr'>ipsi</span> 
     </span>
     <span class='ocr_line' id='line_1_8' title="bbox 351 1599 1812 1702; baseline 0 -25"><span class='ocrx_word' id='word_1_57' title='bbox 351 1617 471 1678; x_wconf 88' lang='lat' dir='ltr'>tamen</span> <span class='ocrx_word' id='word_1_58' title='bbox 497 1629 565 1677; x_wconf 89' lang='lat' dir='ltr'>uec</span> <span class='ocrx_word' id='word_1_59' title='bbox 591 1628 654 1702; x_wconf 94' lang='lat' dir='ltr'>pro</span> <span class='ocrx_word' id='word_1_60' title='bbox 673 1600 988 1675; x_wconf 86' lang='lat' dir='ltr'>excommunicatis</span> <span class='ocrx_word' id='word_1_61' title='bbox 1011 1600 1046 1672; x_wconf 90' lang='lat' dir='ltr'>se</span> <span class='ocrx_word' id='word_1_62' title='bbox 1070 1599 1281 1685; x_wconf 85' lang='lat' dir='ltr'>habuerunt,</span> <span class='ocrx_word' id='word_1_63' title='bbox 1295 1626 1363 1674; x_wconf 87' lang='lat' dir='ltr'>nec</span> <span class='ocrx_word' id='word_1_64' title='bbox 1385 1601 1431 1675; x_wconf 87' lang='lat' dir='ltr'>ab</span> <span class='ocrx_word' id='word_1_65' title='bbox 1450 1602 1688 1700; x_wconf 87' lang='lat' dir='ltr'>appellatione</span> <span class='ocrx_word' id='word_1_66' title='bbox 1711 1604 1812 1678; x_wconf 72' lang='lat' dir='ltr'>saeta</span> 
     </span>
     <span class='ocr_line' id='line_1_9' title="bbox 351 1719 1811 1799; baseline -0.001 0"><span class='ocrx_word' id='word_1_67' title='bbox 351 1726 385 1799; x_wconf 93' lang='lat' dir='ltr'>se</span> <span class='ocrx_word' id='word_1_68' title='bbox 404 1723 661 1798; x_wconf 86' lang='lat' dir='ltr'>subtraxerunt.</span> <span class='ocrx_word' id='word_1_69' title='bbox 716 1721 858 1795; x_wconf 88' lang='lat' dir='ltr'>Deinde</span> <span class='ocrx_word' id='word_1_70' title='bbox 876 1746 958 1794; x_wconf 89' lang='lat' dir='ltr'>vero</span> <span class='ocrx_word' id='word_1_71' title='bbox 977 1720 1013 1792; x_wconf 93' lang='lat' dir='ltr'>iii</span> <span class='ocrx_word' id='word_1_72' title='bbox 1031 1719 1166 1792; x_wconf 72' lang='lat' dir='ltr'>dictum</span> <span class='ocrx_word' id='word_1_73' title='bbox 1189 1719 1441 1794; x_wconf 88' lang='lat' dir='ltr'>Laodowicum</span> <span class='ocrx_word' id='word_1_74' title='bbox 1459 1734 1495 1795; x_wconf 88' lang='lat' dir='ltr'>et</span> <span class='ocrx_word' id='word_1_75' title='bbox 1513 1747 1636 1796; x_wconf 87' lang='lat' dir='ltr'>omues</span> <span class='ocrx_word' id='word_1_76' title='bbox 1654 1724 1811 1798; x_wconf 86' lang='lat' dir='ltr'>fautores</span> 
     </span>
     <span class='ocr_line' id='line_1_10' title="bbox 351 1839 1810 1943; baseline -0.001 -24"><span class='ocrx_word' id='word_1_77' title='bbox 351 1846 431 1919; x_wconf 92' lang='lat' dir='ltr'>suos</span> <span class='ocrx_word' id='word_1_78' title='bbox 449 1840 827 1918; x_wconf 81' lang='lat' dir='ltr'>excommunicationis</span> <span class='ocrx_word' id='word_1_79' title='bbox 845 1839 1055 1913; x_wconf 84' lang='lat' dir='ltr'>sententiam</span> <span class='ocrx_word' id='word_1_80' title='bbox 1081 1840 1329 1939; x_wconf 85' lang='lat' dir='ltr'>promulgavit,</span> <span class='ocrx_word' id='word_1_81' title='bbox 1354 1854 1389 1915; x_wconf 89' lang='lat' dir='ltr'>ot</span> <span class='ocrx_word' id='word_1_82' title='bbox 1413 1868 1434 1914; x_wconf 92' lang='lat' dir='ltr'>a</span> <span class='ocrx_word' id='word_1_83' title='bbox 1457 1842 1601 1916; x_wconf 92' lang='lat' dir='ltr'>domiuo</span> <span class='ocrx_word' id='word_1_84' title='bbox 1624 1869 1719 1942; x_wconf 91' lang='lat' dir='ltr'>papa</span> <span class='ocrx_word' id='word_1_85' title='bbox 1731 1870 1810 1943; x_wconf 93' lang='lat' dir='ltr'>pio·</span> 
     </span>
     <span class='ocr_line' id='line_1_11' title="bbox 349 1959 1811 2061; baseline -0.001 -23"><span class='ocrx_word' id='word_1_86' title='bbox 349 1966 460 2038; x_wconf 91' lang='lat' dir='ltr'>latam</span> <span class='ocrx_word' id='word_1_87' title='bbox 478 1963 547 2038; x_wconf 88' lang='lat' dir='ltr'>esse</span> <span class='ocrx_word' id='word_1_88' title='bbox 568 1962 816 2045; x_wconf 84' lang='lat' dir='ltr'>denunciavit3</span> <span class='ocrx_word' id='word_1_89' title='bbox 843 1985 983 2034; x_wconf 90' lang='lat' dir='ltr'>necnon</span> <span class='ocrx_word' id='word_1_90' title='bbox 1002 1971 1038 2032; x_wconf 86' lang='lat' dir='ltr'>et</span> <span class='ocrx_word' id='word_1_91' title='bbox 1056 1959 1238 2033; x_wconf 90' lang='lat' dir='ltr'>dominum</span> <span class='ocrx_word' id='word_1_92' title='bbox 1262 1986 1384 2061; x_wconf 81' lang='lat' dir='ltr'>rogem</span> <span class='ocrx_word' id='word_1_93' title='bbox 1406 1962 1608 2035; x_wconf 88' lang='lat' dir='ltr'>Scottorum</span> <span class='ocrx_word' id='word_1_94' title='bbox 1633 1976 1668 2036; x_wconf 89' lang='lat' dir='ltr'>et</span> <span class='ocrx_word' id='word_1_95' title='bbox 1686 1988 1811 2038; x_wconf 87' lang='lat' dir='ltr'>omnes</span> 
     </span>
     <span class='ocr_line' id='line_1_12' title="bbox 350 2079 1810 2185; baseline -0.001 -26"><span class='ocrx_word' id='word_1_96' title='bbox 350 2096 538 2185; x_wconf 84' lang='lat' dir='ltr'>magnates</span> <span class='ocrx_word' id='word_1_97' title='bbox 555 2086 635 2158; x_wconf 90' lang='lat' dir='ltr'>suos</span> <span class='ocrx_word' id='word_1_98' title='bbox 659 2082 787 2156; x_wconf 88' lang='lat' dir='ltr'>eadem</span> <span class='ocrx_word' id='word_1_99' title='bbox 813 2080 987 2154; x_wconf 87' lang='lat' dir='ltr'>sententia</span> <span class='ocrx_word' id='word_1_100' title='bbox 1013 2079 1206 2164; x_wconf 88' lang='lat' dir='ltr'>innodavit,</span> <span class='ocrx_word' id='word_1_101' title='bbox 1230 2092 1266 2154; x_wconf 88' lang='lat' dir='ltr'>et</span> <span class='ocrx_word' id='word_1_102' title='bbox 1289 2093 1362 2154; x_wconf 90' lang='lat' dir='ltr'>tani</span> <span class='ocrx_word' id='word_1_103' title='bbox 1377 2081 1519 2155; x_wconf 86' lang='lat' dir='ltr'>istorum</span> <span class='ocrx_word' id='word_1_104' title='bbox 1538 2109 1645 2181; x_wconf 89' lang='lat' dir='ltr'>quam</span> <span class='ocrx_word' id='word_1_105' title='bbox 1672 2083 1810 2158; x_wconf 88' lang='lat' dir='ltr'>illorum</span> 
     </span>
     <span class='ocr_line' id='line_1_13' title="bbox 349 2199 1810 2301; baseline 0 -23"><span class='ocrx_word' id='word_1_106' title='bbox 349 2218 461 2280; x_wconf 88' lang='lat' dir='ltr'>terras</span> <span class='ocrx_word' id='word_1_107' title='bbox 478 2204 541 2279; x_wconf 92' lang='lat' dir='ltr'>sub</span> <span class='ocrx_word' id='word_1_108' title='bbox 559 2202 749 2277; x_wconf 70' lang='lat' dir='ltr'>interdisto</span> <span class='ocrx_word' id='word_1_109' title='bbox 768 2226 901 2301; x_wconf 90' lang='lat' dir='ltr'>ponere</span> <span class='ocrx_word' id='word_1_110' title='bbox 924 2225 996 2273; x_wconf 93' lang='lat' dir='ltr'>uon</span> <span class='ocrx_word' id='word_1_111' title='bbox 1017 2199 1249 2274; x_wconf 82' lang='lat' dir='ltr'>formidavit⁰</span> <span class='ocrx_word' id='word_1_112' title='bbox 1302 2201 1415 2301; x_wconf 88' lang='lat' dir='ltr'>Cujus</span> <span class='ocrx_word' id='word_1_113' title='bbox 1434 2214 1553 2276; x_wconf 88' lang='lat' dir='ltr'>tamen</span> <span class='ocrx_word' id='word_1_114' title='bbox 1572 2207 1810 2278; x_wconf 85' lang='lat' dir='ltr'>excommuni-</span> 
     </span>
     <span class='ocr_line' id='line_1_14' title="bbox 349 2320 1810 2422; baseline -0.001 -23"><span class='ocrx_word' id='word_1_115' title='bbox 349 2326 498 2400; x_wconf 88' lang='lat' dir='ltr'>cationis</span> <span class='ocrx_word' id='word_1_116' title='bbox 516 2337 553 2400; x_wconf 89' lang='lat' dir='ltr'>et</span> <span class='ocrx_word' id='word_1_117' title='bbox 570 2323 749 2398; x_wconf 73' lang='lat' dir='ltr'>interdicti</span> <span class='ocrx_word' id='word_1_118' title='bbox 768 2322 953 2406; x_wconf 86' lang='lat' dir='ltr'>sententia,</span> <span class='ocrx_word' id='word_1_119' title='bbox 978 2346 1045 2394; x_wconf 90' lang='lat' dir='ltr'>uec</span> <span class='ocrx_word' id='word_1_120' title='bbox 1062 2346 1125 2419; x_wconf 89' lang='lat' dir='ltr'>per</span> <span class='ocrx_word' id='word_1_121' title='bbox 1141 2320 1312 2422; x_wconf 82' lang='lat' dir='ltr'>Angliam</span> <span class='ocrx_word' id='word_1_122' title='bbox 1329 2322 1446 2395; x_wconf 92' lang='lat' dir='ltr'>statim</span> <span class='ocrx_word' id='word_1_123' title='bbox 1465 2322 1514 2395; x_wconf 85' lang='lat' dir='ltr'>est</span> <span class='ocrx_word' id='word_1_124' title='bbox 1533 2323 1728 2409; x_wconf 90' lang='lat' dir='ltr'>observata,</span> <span class='ocrx_word' id='word_1_125' title='bbox 1743 2350 1810 2400; x_wconf 86' lang='lat' dir='ltr'>nec</span> 
     </span>
     <span class='ocr_line' id='line_1_15' title="bbox 348 2441 1810 2545; baseline 0 -26"><span class='ocrx_word' id='word_1_126' title='bbox 348 2449 423 2521; x_wconf 89' lang='lat' dir='ltr'>fere</span> <span class='ocrx_word' id='word_1_127' title='bbox 449 2470 512 2545; x_wconf 90' lang='lat' dir='ltr'>per</span> <span class='ocrx_word' id='word_1_128' title='bbox 539 2471 672 2520; x_wconf 91' lang='lat' dir='ltr'>annum</span> <span class='ocrx_word' id='word_1_129' title='bbox 698 2443 971 2543; x_wconf 83' lang='lat' dir='ltr'>subsequentem</span> <span class='ocrx_word' id='word_1_130' title='bbox 997 2442 1033 2514; x_wconf 93' lang='lat' dir='ltr'>iu</span> <span class='ocrx_word' id='word_1_131' title='bbox 1055 2441 1178 2515; x_wconf 89' lang='lat' dir='ltr'>Scotia</span> <span class='ocrx_word' id='word_1_132' title='bbox 1196 2442 1246 2515; x_wconf 89' lang='lat' dir='ltr'>est</span> <span class='ocrx_word' id='word_1_133' title='bbox 1273 2443 1499 2516; x_wconf 87' lang='lat' dir='ltr'>denunciata.</span> <span class='ocrx_word' id='word_1_134' title='bbox 1553 2443 1684 2518; x_wconf 72' lang='lat' dir='ltr'>Dictus</span> <span class='ocrx_word' id='word_1_135' title='bbox 1702 2446 1810 2519; x_wconf 91' lang='lat' dir='ltr'>etiam</span> 
     </span>
     <span class='ocr_line' id='line_1_16' title="bbox 349 2562 1810 2664; baseline -0.001 -24"><span class='ocrx_word' id='word_1_136' title='bbox 349 2566 536 2642; x_wconf 89' lang='lat' dir='ltr'>cardinalis</span> <span class='ocrx_word' id='word_1_137' title='bbox 554 2565 757 2664; x_wconf 91' lang='lat' dir='ltr'>omnesqui</span> <span class='ocrx_word' id='word_1_138' title='bbox 776 2563 984 2662; x_wconf 86' lang='lat' dir='ltr'>humagium</span> <span class='ocrx_word' id='word_1_139' title='bbox 1004 2574 1065 2636; x_wconf 91' lang='lat' dir='ltr'>aut</span> <span class='ocrx_word' id='word_1_140' title='bbox 1084 2562 1241 2661; x_wconf 92' lang='lat' dir='ltr'>aliquam</span> <span class='ocrx_word' id='word_1_141' title='bbox 1259 2562 1467 2636; x_wconf 84' lang='lat' dir='ltr'>fidelitatem</span> <span class='ocrx_word' id='word_1_142' title='bbox 1481 2562 1578 2637; x_wconf 74' lang='lat' dir='ltr'>dicio</span> <span class='ocrx_word' id='word_1_143' title='bbox 1595 2563 1810 2640; x_wconf 87' lang='lat' dir='ltr'>Laodoivico</span> 
     </span>
     <span class='ocr_line' id='line_1_17' title="bbox 348 2682 1810 2786; baseline 0.001 -27"><span class='ocrx_word' id='word_1_144' title='bbox 348 2688 519 2772; x_wconf 87' lang='lat' dir='ltr'>fecerant,</span> <span class='ocrx_word' id='word_1_145' title='bbox 539 2686 732 2786; x_wconf 86' lang='lat' dir='ltr'>apostolica</span> <span class='ocrx_word' id='word_1_146' title='bbox 758 2684 972 2758; x_wconf 73' lang='lat' dir='ltr'>auctoritate</span> <span class='ocrx_word' id='word_1_147' title='bbox 997 2707 1069 2781; x_wconf 91' lang='lat' dir='ltr'>qua</span> <span class='ocrx_word' id='word_1_148' title='bbox 1087 2682 1317 2781; x_wconf 83' lang='lat' dir='ltr'>fungebatur,</span> <span class='ocrx_word' id='word_1_149' title='bbox 1335 2684 1476 2781; x_wconf 83' lang='lat' dir='ltr'>ponitus</span> <span class='ocrx_word' id='word_1_150' title='bbox 1501 2683 1660 2770; x_wconf 88' lang='lat' dir='ltr'>absolvit,</span> <span class='ocrx_word' id='word_1_151' title='bbox 1684 2685 1810 2760; x_wconf 88' lang='lat' dir='ltr'>sicon-</span> 
     </span>
     <span class='ocr_line' id='line_1_18' title="bbox 349 2802 1540 2903; baseline -0.002 -23"><span class='ocrx_word' id='word_1_152' title='bbox 349 2808 435 2881; x_wconf 90' lang='lat' dir='ltr'>verti</span> <span class='ocrx_word' id='word_1_153' title='bbox 452 2808 584 2881; x_wconf 88' lang='lat' dir='ltr'>vellent</span> <span class='ocrx_word' id='word_1_154' title='bbox 603 2805 650 2880; x_wconf 92' lang='lat' dir='ltr'>ad</span> <span class='ocrx_word' id='word_1_155' title='bbox 667 2830 798 2879; x_wconf 92' lang='lat' dir='ltr'>novum</span> <span class='ocrx_word' id='word_1_156' title='bbox 816 2829 940 2903; x_wconf 84' lang='lat' dir='ltr'>regom</span> <span class='ocrx_word' id='word_1_157' title='bbox 958 2816 995 2877; x_wconf 92' lang='lat' dir='ltr'>et</span> <span class='ocrx_word' id='word_1_158' title='bbox 1012 2802 1194 2875; x_wconf 92' lang='lat' dir='ltr'>dominum</span> <span class='ocrx_word' id='word_1_159' title='bbox 1212 2805 1311 2876; x_wconf 94' lang='lat' dir='ltr'>suum</span> <span class='ocrx_word' id='word_1_160' title='bbox 1329 2804 1540 2903; x_wconf 80' lang='lat' dir='ltr'>legitimum.</span> 
     </span>
    </p>

    <p class='ocr_par' dir='ltr' id='par_1_3' title="bbox 349 2924 1810 3265">
     <span class='ocr_line' id='line_1_19' title="bbox 399 2924 1809 3022; baseline -0.001 -20"><span class='ocrx_word' id='word_1_161' title='bbox 399 2927 540 3002; x_wconf 88' lang='lat' dir='ltr'>Eodem</span> <span class='ocrx_word' id='word_1_162' title='bbox 559 2952 652 3001; x_wconf 93' lang='lat' dir='ltr'>auno</span> <span class='ocrx_word' id='word_1_163' title='bbox 681 2924 868 2999; x_wconf 91' lang='lat' dir='ltr'>transsatus</span> <span class='ocrx_word' id='word_1_164' title='bbox 898 2924 949 2999; x_wconf 86' lang='lat' dir='ltr'>est</span> <span class='ocrx_word' id='word_1_165' title='bbox 967 2924 1143 3022; x_wconf 91' lang='lat' dir='ltr'>dompnus</span> <span class='ocrx_word' id='word_1_166' title='bbox 1165 2924 1364 3008; x_wconf 90' lang='lat' dir='ltr'>Conradus‚</span> <span class='ocrx_word' id='word_1_167' title='bbox 1396 2925 1507 2999; x_wconf 91' lang='lat' dir='ltr'>abbas</span> <span class='ocrx_word' id='word_1_168' title='bbox 1529 2925 1751 3012; x_wconf 88' lang='lat' dir='ltr'>Clareuallis,</span> <span class='ocrx_word' id='word_1_169' title='bbox 1775 2930 1809 3002; x_wconf 95' lang='lat' dir='ltr'>in</span> 
     </span>
     <span class='ocr_line' id='line_1_20' title="bbox 349 3044 1810 3147; baseline 0.001 -26"><span class='ocrx_word' id='word_1_170' title='bbox 349 3046 516 3122; x_wconf 88' lang='lat' dir='ltr'>abbatem</span> <span class='ocrx_word' id='word_1_171' title='bbox 538 3047 711 3131; x_wconf 90' lang='lat' dir='ltr'>Cistercii,</span> <span class='ocrx_word' id='word_1_172' title='bbox 730 3046 809 3119; x_wconf 92' lang='lat' dir='ltr'>loco</span> <span class='ocrx_word' id='word_1_173' title='bbox 829 3045 930 3144; x_wconf 89' lang='lat' dir='ltr'>cujus</span> <span class='ocrx_word' id='word_1_174' title='bbox 948 3044 1085 3119; x_wconf 72' lang='lat' dir='ltr'>elesius</span> <span class='ocrx_word' id='word_1_175' title='bbox 1104 3044 1154 3118; x_wconf 89' lang='lat' dir='ltr'>est</span> <span class='ocrx_word' id='word_1_176' title='bbox 1172 3045 1207 3117; x_wconf 95' lang='lat' dir='ltr'>in</span> <span class='ocrx_word' id='word_1_177' title='bbox 1220 3044 1388 3119; x_wconf 86' lang='lat' dir='ltr'>abbatem</span> <span class='ocrx_word' id='word_1_178' title='bbox 1405 3046 1617 3121; x_wconf 89' lang='lat' dir='ltr'>Claiouallis</span> <span class='ocrx_word' id='word_1_179' title='bbox 1635 3047 1810 3147; x_wconf 91' lang='lat' dir='ltr'>dompnus</span> 
     </span>
     <span class='ocr_line' id='line_1_21' title="bbox 352 3165 1247 3265; baseline 0 -26"><span class='ocrx_word' id='word_1_180' title='bbox 352 3166 553 3242; x_wconf 89' lang='lat' dir='ltr'>Willelmus</span> <span class='ocrx_word' id='word_1_181' title='bbox 571 3166 684 3241; x_wconf 88' lang='lat' dir='ltr'>abbas</span> <span class='ocrx_word' id='word_1_182' title='bbox 703 3167 748 3239; x_wconf 91' lang='lat' dir='ltr'>de</span> <span class='ocrx_word' id='word_1_183' title='bbox 768 3165 986 3239; x_wconf 89' lang='lat' dir='ltr'>Monasterio</span> <span class='ocrx_word' id='word_1_184' title='bbox 1005 3166 1041 3238; x_wconf 93' lang='lat' dir='ltr'>iu</span> <span class='ocrx_word' id='word_1_185' title='bbox 1060 3165 1247 3265; x_wconf 76' lang='lat' dir='ltr'>Nargune.</span> 
     </span>
    </p>

    <p class='ocr_par' dir='ltr' id='par_1_4' title="bbox 345 3285 1809 4205">
     <span class='ocr_line' id='line_1_22' title="bbox 400 3285 1809 3389; baseline 0.001 -28"><span class='ocrx_word' id='word_1_186' title='bbox 400 3286 441 3361; x_wconf 95' lang='lat' dir='ltr'>ln</span> <span class='ocrx_word' id='word_1_187' title='bbox 459 3287 672 3363; x_wconf 90' lang='lat' dir='ltr'>occidentali</span> <span class='ocrx_word' id='word_1_188' title='bbox 683 3298 785 3386; x_wconf 88' lang='lat' dir='ltr'>parte</span> <span class='ocrx_word' id='word_1_189' title='bbox 803 3286 943 3370; x_wconf 88' lang='lat' dir='ltr'>Scocie‚</span> <span class='ocrx_word' id='word_1_190' title='bbox 962 3311 1033 3385; x_wconf 88' lang='lat' dir='ltr'>que</span> <span class='ocrx_word' id='word_1_191' title='bbox 1048 3286 1210 3359; x_wconf 87' lang='lat' dir='ltr'>Galewia</span> <span class='ocrx_word' id='word_1_192' title='bbox 1225 3285 1362 3370; x_wconf 84' lang='lat' dir='ltr'>dicitur,</span> <span class='ocrx_word' id='word_1_193' title='bbox 1384 3288 1577 3361; x_wconf 90' lang='lat' dir='ltr'>secundum</span> <span class='ocrx_word' id='word_1_194' title='bbox 1591 3288 1688 3386; x_wconf 93' lang='lat' dir='ltr'>quod</span> <span class='ocrx_word' id='word_1_195' title='bbox 1706 3290 1809 3389; x_wconf 89' lang='lat' dir='ltr'>scrip·</span> 
     </span>
     <span class='ocr_line' id='line_1_23' title="bbox 348 3405 1809 3508; baseline 0.002 -28"><span class='ocrx_word' id='word_1_196' title='bbox 348 3407 390 3481; x_wconf 94' lang='lat' dir='ltr'>sit</span> <span class='ocrx_word' id='word_1_197' title='bbox 407 3408 584 3508; x_wconf 92' lang='lat' dir='ltr'>dompnus</span> <span class='ocrx_word' id='word_1_198' title='bbox 603 3407 806 3481; x_wconf 87' lang='lat' dir='ltr'>Willelmus</span> <span class='ocrx_word' id='word_1_199' title='bbox 825 3405 938 3480; x_wconf 91' lang='lat' dir='ltr'>abbas</span> <span class='ocrx_word' id='word_1_200' title='bbox 956 3406 1001 3481; x_wconf 88' lang='lat' dir='ltr'>de</span> <span class='ocrx_word' id='word_1_201' title='bbox 1016 3405 1202 3503; x_wconf 66' lang='lat' dir='ltr'>Gleulua’p</span> <span class='ocrx_word' id='word_1_202' title='bbox 1220 3407 1271 3478; x_wconf 88' lang='lat' dir='ltr'>vir</span> <span class='ocrx_word' id='word_1_203' title='bbox 1284 3407 1407 3505; x_wconf 95' lang='lat' dir='ltr'>optimi</span> <span class='ocrx_word' id='word_1_204' title='bbox 1426 3407 1614 3481; x_wconf 81' lang='lat' dir='ltr'>testimonii</span> <span class='ocrx_word' id='word_1_205' title='bbox 1634 3422 1670 3482; x_wconf 87' lang='lat' dir='ltr'>et</span> <span class='ocrx_word' id='word_1_206' title='bbox 1687 3410 1809 3483; x_wconf 73' lang='lat' dir='ltr'>ianae</span> 
     </span>
     <span class='ocr_line' id='line_1_24' title="bbox 350 3526 1808 3625; baseline 0.002 -23"><span class='ocrx_word' id='word_1_207' title='bbox 350 3528 624 3603; x_wconf 86' lang='lat' dir='ltr'>conversationis</span> <span class='ocrx_word' id='word_1_208' title='bbox 653 3526 850 3602; x_wconf 90' lang='lat' dir='ltr'>monachus</span> <span class='ocrx_word' id='word_1_209' title='bbox 878 3526 1022 3600; x_wconf 90' lang='lat' dir='ltr'>domino</span> <span class='ocrx_word' id='word_1_210' title='bbox 1053 3527 1157 3625; x_wconf 93' lang='lat' dir='ltr'>priori</span> <span class='ocrx_word' id='word_1_211' title='bbox 1187 3537 1223 3599; x_wconf 86' lang='lat' dir='ltr'>ot</span> <span class='ocrx_word' id='word_1_212' title='bbox 1248 3529 1346 3600; x_wconf 89' lang='lat' dir='ltr'>sacro</span> <span class='ocrx_word' id='word_1_213' title='bbox 1372 3529 1560 3601; x_wconf 87' lang='lat' dir='ltr'>conventui</span> <span class='ocrx_word' id='word_1_214' title='bbox 1588 3529 1632 3602; x_wconf 90' lang='lat' dir='ltr'>dc</span> <span class='ocrx_word' id='word_1_215' title='bbox 1661 3530 1808 3616; x_wconf 75' lang='lat' dir='ltr'>MelroS,</span> 
     </span>
     <span class='ocr_line' id='line_1_25' title="bbox 349 3646 1809 3748; baseline 0 -24"><span class='ocrx_word' id='word_1_216' title='bbox 349 3648 513 3748; x_wconf 88' lang='lat' dir='ltr'>apparuit</span> <span class='ocrx_word' id='word_1_217' title='bbox 530 3647 708 3723; x_wconf 79' lang='lat' dir='ltr'>visibiliter</span> <span class='ocrx_word' id='word_1_218' title='bbox 726 3646 901 3748; x_wconf 87' lang='lat' dir='ltr'>stupenda</span> <span class='ocrx_word' id='word_1_219' title='bbox 919 3649 1021 3746; x_wconf 90' lang='lat' dir='ltr'>supra</span> <span class='ocrx_word' id='word_1_220' title='bbox 1039 3646 1185 3720; x_wconf 93' lang='lat' dir='ltr'>modum</span> <span class='ocrx_word' id='word_1_221' title='bbox 1203 3658 1239 3720; x_wconf 86' lang='lat' dir='ltr'>et</span> <span class='ocrx_word' id='word_1_222' title='bbox 1264 3647 1389 3721; x_wconf 89' lang='lat' dir='ltr'>uostris</span> <span class='ocrx_word' id='word_1_223' title='bbox 1407 3648 1531 3722; x_wconf 89' lang='lat' dir='ltr'>seculis</span> <span class='ocrx_word' id='word_1_224' title='bbox 1548 3649 1708 3724; x_wconf 89' lang='lat' dir='ltr'>inaudita</span> <span class='ocrx_word' id='word_1_225' title='bbox 1725 3651 1809 3724; x_wconf 89' lang='lat' dir='ltr'>lune</span> 
     </span>
     <span class='ocr_line' id='line_1_26' title="bbox 348 3766 1808 3869; baseline 0.002 -28"><span class='ocrx_word' id='word_1_226' title='bbox 348 3769 630 3869; x_wconf 77' lang='lat' dir='ltr'>transsigurati03</span> <span class='ocrx_word' id='word_1_227' title='bbox 656 3768 754 3867; x_wconf 94' lang='lat' dir='ltr'>quod</span> <span class='ocrx_word' id='word_1_228' title='bbox 781 3780 901 3842; x_wconf 89' lang='lat' dir='ltr'>autem</span> <span class='ocrx_word' id='word_1_229' title='bbox 926 3766 1055 3866; x_wconf 83' lang='lat' dir='ltr'>scripsit</span> <span class='ocrx_word' id='word_1_230' title='bbox 1076 3766 1145 3841; x_wconf 93' lang='lat' dir='ltr'>hoc</span> <span class='ocrx_word' id='word_1_231' title='bbox 1168 3768 1263 3841; x_wconf 89' lang='lat' dir='ltr'>idem</span> <span class='ocrx_word' id='word_1_232' title='bbox 1290 3794 1371 3841; x_wconf 92' lang='lat' dir='ltr'>cum</span> <span class='ocrx_word' id='word_1_233' title='bbox 1395 3768 1490 3867; x_wconf 91' lang='lat' dir='ltr'>apud</span> <span class='ocrx_word' id='word_1_234' title='bbox 1514 3769 1649 3844; x_wconf 84' lang='lat' dir='ltr'>Meiros</span> <span class='ocrx_word' id='word_1_235' title='bbox 1674 3771 1808 3844; x_wconf 88' lang='lat' dir='ltr'>veniret</span> 
     </span>
     <span class='ocr_line' id='line_1_27' title="bbox 347 3887 1809 3987; baseline 0.001 -26"><span class='ocrx_word' id='word_1_236' title='bbox 347 3888 449 3964; x_wconf 86' lang='lat' dir='ltr'>nobis</span> <span class='ocrx_word' id='word_1_237' title='bbox 467 3888 663 3963; x_wconf 85' lang='lat' dir='ltr'>astantibus</span> <span class='ocrx_word' id='word_1_238' title='bbox 682 3900 718 3963; x_wconf 88' lang='lat' dir='ltr'>et</span> <span class='ocrx_word' id='word_1_239' title='bbox 736 3887 1023 3987; x_wconf 68' lang='lat' dir='ltr'>exposcentibus</span> <span class='ocrx_word' id='word_1_240' title='bbox 1041 3887 1205 3962; x_wconf 92' lang='lat' dir='ltr'>omnibus</span> <span class='ocrx_word' id='word_1_241' title='bbox 1223 3889 1284 3987; x_wconf 95' lang='lat' dir='ltr'>qui</span> <span class='ocrx_word' id='word_1_242' title='bbox 1303 3888 1451 3962; x_wconf 89' lang='lat' dir='ltr'>aderant</span> <span class='ocrx_word' id='word_1_243' title='bbox 1462 3889 1676 3965; x_wconf 88' lang='lat' dir='ltr'>audentibus</span> <span class='ocrx_word' id='word_1_244' title='bbox 1694 3902 1730 3963; x_wconf 88' lang='lat' dir='ltr'>et</span> <span class='ocrx_word' id='word_1_245' title='bbox 1748 3890 1809 3964; x_wconf 92' lang='lat' dir='ltr'>ad·</span> 
     </span>
     <span class='ocr_line' id='line_1_28' title="bbox 347 4008 1809 4109; baseline 0.001 -26"><span class='ocrx_word' id='word_1_246' title='bbox 347 4009 568 4095; x_wconf 90' lang='lat' dir='ltr'>mirantibus,</span> <span class='ocrx_word' id='word_1_247' title='bbox 596 4010 738 4109; x_wconf 92' lang='lat' dir='ltr'>proprio</span> <span class='ocrx_word' id='word_1_248' title='bbox 766 4034 827 4082; x_wconf 91' lang='lat' dir='ltr'>ore</span> <span class='ocrx_word' id='word_1_249' title='bbox 854 4033 918 4108; x_wconf 91' lang='lat' dir='ltr'>per</span> <span class='ocrx_word' id='word_1_250' title='bbox 945 4008 1107 4083; x_wconf 89' lang='lat' dir='ltr'>ordinem</span> <span class='ocrx_word' id='word_1_251' title='bbox 1126 4009 1312 4083; x_wconf 88' lang='lat' dir='ltr'>enarravit.</span> <span class='ocrx_word' id='word_1_252' title='bbox 1370 4008 1512 4108; x_wconf 80' lang='lat' dir='ltr'>Scripsit</span> <span class='ocrx_word' id='word_1_253' title='bbox 1530 4010 1637 4109; x_wconf 87' lang='lat' dir='ltr'>igitur</span> <span class='ocrx_word' id='word_1_254' title='bbox 1655 4011 1690 4083; x_wconf 93' lang='lat' dir='ltr'>in</span> <span class='ocrx_word' id='word_1_255' title='bbox 1717 4011 1809 4086; x_wconf 87' lang='lat' dir='ltr'>hanc</span> 
     </span>
     <span class='ocr_line' id='line_1_29' title="bbox 345 4131 518 4205; baseline -0.006 -1"><span class='ocrx_word' id='word_1_256' title='bbox 345 4131 518 4205; x_wconf 80' lang='lat' dir='ltr'>fonnem:</span> 
     </span>
    </p>
   </div>
   <div class='ocr_carea' id='block_1_3' title="bbox 346 4370 1809 4713">
    <p class='ocr_par' dir='ltr' id='par_1_5' title="bbox 346 4370 1809 4713">
     <span class='ocr_line' id='line_1_30' title="bbox 396 4370 1809 4473; baseline 0.001 -27"><span class='ocrx_word' id='word_1_257' title='bbox 396 4370 544 4447; x_wconf 87' lang='lat' dir='ltr'>“Vnus</span> <span class='ocrx_word' id='word_1_258' title='bbox 559 4371 595 4445; x_wconf 92' lang='lat' dir='ltr'>in</span> <span class='ocrx_word' id='word_1_259' title='bbox 607 4371 745 4447; x_wconf 90' lang='lat' dir='ltr'>Christo</span> <span class='ocrx_word' id='word_1_260' title='bbox 757 4371 1030 4457; x_wconf 89' lang='lat' dir='ltr'>venerabilibus,</span> <span class='ocrx_word' id='word_1_261' title='bbox 1042 4372 1254 4472; x_wconf 85' lang='lat' dir='ltr'>dompnoA.</span> <span class='ocrx_word' id='word_1_262' title='bbox 1270 4372 1375 4471; x_wconf 93' lang='lat' dir='ltr'>priori</span> <span class='ocrx_word' id='word_1_263' title='bbox 1387 4372 1432 4445; x_wconf 91' lang='lat' dir='ltr'>de</span> <span class='ocrx_word' id='word_1_264' title='bbox 1441 4371 1587 4458; x_wconf 91' lang='lat' dir='ltr'>Melros‚</span> <span class='ocrx_word' id='word_1_265' title='bbox 1602 4385 1638 4447; x_wconf 90' lang='lat' dir='ltr'>et</span> <span class='ocrx_word' id='word_1_266' title='bbox 1651 4372 1809 4473; x_wconf 86' lang='lat' dir='ltr'>ejusdem</span> 
     </span>
     <span class='ocr_line' id='line_1_31' title="bbox 346 4490 1808 4593; baseline 0.003 -30"><span class='ocrx_word' id='word_1_267' title='bbox 346 4490 415 4565; x_wconf 90' lang='lat' dir='ltr'>loci</span> <span class='ocrx_word' id='word_1_268' title='bbox 433 4492 635 4577; x_wconf 89' lang='lat' dir='ltr'>conventui,</span> <span class='ocrx_word' id='word_1_269' title='bbox 653 4493 762 4567; x_wconf 88' lang='lat' dir='ltr'>frater</span> <span class='ocrx_word' id='word_1_270' title='bbox 783 4493 844 4566; x_wconf 93' lang='lat' dir='ltr'>W.</span> <span class='ocrx_word' id='word_1_271' title='bbox 864 4518 1062 4592; x_wconf 89' lang='lat' dir='ltr'>pauperum</span> <span class='ocrx_word' id='word_1_272' title='bbox 1084 4492 1212 4567; x_wconf 88' lang='lat' dir='ltr'>Christi</span> <span class='ocrx_word' id='word_1_273' title='bbox 1231 4493 1276 4567; x_wconf 88' lang='lat' dir='ltr'>de</span> <span class='ocrx_word' id='word_1_274' title='bbox 1290 4492 1441 4568; x_wconf 91' lang='lat' dir='ltr'>Gleulus</span> <span class='ocrx_word' id='word_1_275' title='bbox 1458 4493 1612 4567; x_wconf 88' lang='lat' dir='ltr'>minister</span> <span class='ocrx_word' id='word_1_276' title='bbox 1630 4493 1808 4593; x_wconf 69' lang='lat' dir='ltr'>indignus</span> 
     </span>
     <span class='ocr_line' id='line_1_32' title="bbox 347 4612 1808 4713; baseline 0.001 -28"><span class='ocrx_word' id='word_1_277' title='bbox 347 4623 506 4686; x_wconf 88' lang='lat' dir='ltr'>eternam</span> <span class='ocrx_word' id='word_1_278' title='bbox 524 4612 559 4685; x_wconf 94' lang='lat' dir='ltr'>in</span> <span class='ocrx_word' id='word_1_279' title='bbox 575 4612 737 4686; x_wconf 90' lang='lat' dir='ltr'>Domino</span> <span class='ocrx_word' id='word_1_280' title='bbox 756 4612 916 4687; x_wconf 87' lang='lat' dir='ltr'>salutern.</span> <span class='ocrx_word' id='word_1_281' title='bbox 971 4613 1118 4699; x_wconf 88' lang='lat' dir='ltr'>Quanto</span> <span class='ocrx_word' id='word_1_282' title='bbox 1136 4612 1375 4712; x_wconf 82' lang='lat' dir='ltr'>impossibilius</span> <span class='ocrx_word' id='word_1_283' title='bbox 1393 4612 1462 4686; x_wconf 87' lang='lat' dir='ltr'>esse</span> <span class='ocrx_word' id='word_1_284' title='bbox 1480 4614 1609 4713; x_wconf 89' lang='lat' dir='ltr'>poterit</span> <span class='ocrx_word' id='word_1_285' title='bbox 1623 4614 1808 4687; x_wconf 89' lang='lat' dir='ltr'>veritatem</span> 
     </span>
    </p>
   </div>
   <div class='ocr_carea' id='block_1_4' title="bbox 342 4794 1809 4951">
    <p class='ocr_par' dir='ltr' id='par_1_6' title="bbox 342 4794 1809 4951">
     <span class='ocr_line' id='line_1_33' title="bbox 391 4794 1809 4867; baseline 0.002 -20"><span class='ocrx_word' id='word_1_286' title='bbox 391 4794 403 4817; x_wconf 89' lang='lat'><em>⁰</em></span> <span class='ocrx_word' id='word_1_287' title='bbox 424 4795 538 4859; x_wconf 67' lang='lat' dir='ltr'>Foedus,</span> <span class='ocrx_word' id='word_1_288' title='bbox 553 4794 579 4849; x_wconf 87' lang='lat' dir='ltr'>ii.</span> <span class='ocrx_word' id='word_1_289' title='bbox 594 4798 639 4849; x_wconf 78' lang='grc'>38.</span> <span class='ocrx_word' id='word_1_290' title='bbox 783 4797 798 4863; x_wconf 67' lang='lat' dir='ltr'>s</span> <span class='ocrx_word' id='word_1_291' title='bbox 818 4795 862 4851; x_wconf 92' lang='lat' dir='ltr'>On</span> <span class='ocrx_word' id='word_1_292' title='bbox 874 4794 922 4851; x_wconf 84' lang='lat' dir='ltr'>the</span> <span class='ocrx_word' id='word_1_293' title='bbox 940 4795 1039 4867; x_wconf 73' lang='lat' dir='ltr'>margin</span> <span class='ocrx_word' id='word_1_294' title='bbox 1052 4794 1084 4851; x_wconf 91' lang='lat' dir='ltr'>os</span> <span class='ocrx_word' id='word_1_295' title='bbox 1101 4795 1171 4858; x_wconf 70' lang='lat' dir='ltr'>iis„</span> <span class='ocrx_word' id='word_1_296' title='bbox 1195 4804 1213 4826; x_wconf 79' lang='lat'>‘⁶</span> <span class='ocrx_word' id='word_1_297' title='bbox 1225 4795 1345 4866; x_wconf 81' lang='lat' dir='ltr'>Epistola</span> <span class='ocrx_word' id='word_1_298' title='bbox 1356 4796 1414 4849; x_wconf 80' lang='lat' dir='ltr'>abb.</span> <span class='ocrx_word' id='word_1_299' title='bbox 1431 4795 1464 4850; x_wconf 85' lang='lat' dir='ltr'>de</span> <span class='ocrx_word' id='word_1_300' title='bbox 1480 4794 1599 4859; x_wconf 82' lang='lat' dir='ltr'>Glcnlus,</span> <span class='ocrx_word' id='word_1_301' title='bbox 1614 4796 1648 4849; x_wconf 84' lang='lat' dir='ltr'>de</span> <span class='ocrx_word' id='word_1_302' title='bbox 1662 4794 1809 4865; x_wconf 77' lang='lat' dir='ltr'>Prodigio‚”</span> 
     </span>
     <span class='ocr_line' id='line_1_34' title="bbox 342 4878 826 4951; baseline 0.004 -18"><span class='ocrx_word' id='word_1_303' title='bbox 342 4878 395 4933; x_wconf 76' lang='lat' dir='ltr'>niid</span> <span class='ocrx_word' id='word_1_304' title='bbox 408 4878 826 4951; x_wconf 54' lang='lat' dir='ltr'>“Deumcfiguracionelunef</span> 
     </span>
    </p>
   </div>
   <div class='ocr_carea' id='block_1_5' title="bbox 0 0 2362 6422">
    <p class='ocr_par' dir='ltr' id='par_1_7' title="bbox 0 0 2362 6422">
     <span class='ocr_line' id='line_1_35' title="bbox 0 0 2362 6422; baseline 0 0"><span class='ocrx_word' id='word_1_305' title='bbox 0 0 2362 6422; x_wconf 95' lang='lat' dir='ltr'> </span> 
     </span>
    </p>
   </div>
  </div>
 </body>
</html>
