<?xml version="1.0" encoding="UTF-8"?>
<!DOCTYPE html PUBLIC "-//W3C//DTD XHTML 1.0 Transitional//EN"
    "http://www.w3.org/TR/xhtml1/DTD/xhtml1-transitional.dtd">
<html xmlns="http://www.w3.org/1999/xhtml" xml:lang="en" lang="en">
 <head>
  <title>
</title>
<meta http-equiv="Content-Type" content="text/html;charset=utf-8" />
  <meta name='ocr-system' content='tesseract 3.04.00' />
  <meta name='ocr-capabilities' content='ocr_page ocr_carea ocr_par ocr_line ocrx_word'/>
</head>
<body>
  <div class='ocr_page' id='page_1' title='image "./chronicademailr00stevgoog_0267.png"; bbox 0 0 4716 6428; ppageno 0'>
   <div class='ocr_carea' id='block_1_1' title="bbox 466 709 1925 794">
    <p class='ocr_par' dir='ltr' id='par_1_1' title="bbox 466 709 1925 794">
     <span class='ocr_line' id='line_1_1' title="bbox 466 709 1925 794; baseline 0.005 -9"><span class='ocrx_word' id='word_1_1' title='bbox 466 718 539 785; x_wconf 80' lang='lat'><strong>224</strong></span> <span class='ocrx_word' id='word_1_2' title='bbox 805 709 1174 788; x_wconf 88' lang='lat' dir='ltr'>CHRONICON</span> <span class='ocrx_word' id='word_1_3' title='bbox 1207 709 1599 789; x_wconf 87' lang='lat' dir='ltr'><strong>RYTHMICUM.</strong></span> <span class='ocrx_word' id='word_1_4' title='bbox 1711 716 1814 791; x_wconf 90' lang='lat' dir='ltr'><strong>A.D.&#39;</strong></span> <span class='ocrx_word' id='word_1_5' title='bbox 1839 722 1925 794; x_wconf 78' lang='lat'><strong>843.</strong></span> 
     </span>
    </p>
   </div>
   <div class='ocr_carea' id='block_1_2' title="bbox 466 925 1927 1390">
    <p class='ocr_par' dir='ltr' id='par_1_2' title="bbox 468 925 1926 1148">
     <span class='ocr_line' id='line_1_2' title="bbox 519 925 1926 1031; baseline 0.004 -30"><span class='ocrx_word' id='word_1_6' title='bbox 519 927 588 1002; x_wconf 88' lang='lat' dir='ltr'><strong>Iste</strong></span> <span class='ocrx_word' id='word_1_7' title='bbox 600 938 747 1002; x_wconf 81' lang='lat' dir='ltr'><strong>vocatus</strong></span> <span class='ocrx_word' id='word_1_8' title='bbox 765 925 818 1000; x_wconf 86' lang='lat' dir='ltr'><strong>est</strong></span> <span class='ocrx_word' id='word_1_9' title='bbox 833 951 895 1002; x_wconf 85' lang='lat' dir='ltr'><strong>rex</strong></span> <span class='ocrx_word' id='word_1_10' title='bbox 912 927 1056 1026; x_wconf 88' lang='lat' dir='ltr'><strong>primus,</strong></span> <span class='ocrx_word' id='word_1_11' title='bbox 1074 951 1146 1001; x_wconf 91' lang='lat' dir='ltr'><strong>non</strong></span> <span class='ocrx_word' id='word_1_12' title='bbox 1164 926 1249 1026; x_wconf 91' lang='lat' dir='ltr'><strong>quia</strong></span> <span class='ocrx_word' id='word_1_13' title='bbox 1266 928 1346 1013; x_wconf 89' lang='lat' dir='ltr'><strong>fuit,</strong></span> <span class='ocrx_word' id='word_1_14' title='bbox 1364 926 1424 1001; x_wconf 88' lang='lat' dir='ltr'><strong>sed</strong></span> <span class='ocrx_word' id='word_1_15' title='bbox 1442 928 1527 1027; x_wconf 91' lang='lat' dir='ltr'><strong>quia</strong></span> <span class='ocrx_word' id='word_1_16' title='bbox 1544 929 1677 1028; x_wconf 86' lang='lat' dir='ltr'><strong>primus</strong></span> <span class='ocrx_word' id='word_1_17' title='bbox 1689 929 1791 1031; x_wconf 85' lang='lat' dir='ltr'><strong>leges</strong></span> <span class='ocrx_word' id='word_1_18' title='bbox 1813 933 1926 1007; x_wconf 89' lang='lat' dir='ltr'><strong>Scoti-</strong></span> 
     </span>
     <span class='ocr_line' id='line_1_3' title="bbox 468 1047 1374 1148; baseline -0.001 -25"><span class='ocrx_word' id='word_1_19' title='bbox 468 1075 577 1124; x_wconf 88' lang='lat' dir='ltr'><strong>cauas</strong></span> <span class='ocrx_word' id='word_1_20' title='bbox 594 1047 754 1133; x_wconf 89' lang='lat' dir='ltr'><strong>instituit,</strong></span> <span class='ocrx_word' id='word_1_21' title='bbox 772 1074 862 1148; x_wconf 88' lang='lat' dir='ltr'><strong>quas</strong></span> <span class='ocrx_word' id='word_1_22' title='bbox 879 1060 1009 1122; x_wconf 87' lang='lat' dir='ltr'><strong>vocant</strong></span> <span class='ocrx_word' id='word_1_23' title='bbox 1026 1049 1126 1147; x_wconf 87' lang='lat' dir='ltr'><strong>leges</strong></span> <span class='ocrx_word' id='word_1_24' title='bbox 1141 1047 1374 1148; x_wconf 89' lang='lat' dir='ltr'><strong>Mac-Alpin.</strong></span> 
     </span>
    </p>

    <p class='ocr_par' dir='ltr' id='par_1_3' title="bbox 466 1167 1927 1390">
     <span class='ocr_line' id='line_1_4' title="bbox 520 1167 1927 1259; baseline 0.004 -15"><span class='ocrx_word' id='word_1_25' title='bbox 520 1170 627 1244; x_wconf 88' lang='lat' dir='ltr'><strong>Anno</strong></span> <span class='ocrx_word' id='word_1_26' title='bbox 646 1169 796 1244; x_wconf 86' lang='lat' dir='ltr'><strong>occciix.</strong></span> <span class='ocrx_word' id='word_1_27' title='bbox 815 1167 904 1242; x_wconf 88' lang='lat' dir='ltr'><strong>obiit</strong></span> <span class='ocrx_word' id='word_1_28' title='bbox 925 1168 1086 1243; x_wconf 88' lang='lat' dir='ltr'><strong>Kinedus</strong></span> <span class='ocrx_word' id='word_1_29' title='bbox 1104 1194 1165 1243; x_wconf 83' lang='lat' dir='ltr'><strong>rex</strong></span> <span class='ocrx_word' id='word_1_30' title='bbox 1190 1169 1407 1254; x_wconf 85' lang='lat' dir='ltr'><strong>Scottorum,</strong></span> <span class='ocrx_word' id='word_1_31' title='bbox 1426 1170 1484 1244; x_wconf 89' lang='lat' dir='ltr'><strong>cui</strong></span> <span class='ocrx_word' id='word_1_32' title='bbox 1502 1169 1658 1245; x_wconf 86' lang='lat' dir='ltr'><strong>successit</strong></span> <span class='ocrx_word' id='word_1_33' title='bbox 1678 1172 1927 1259; x_wconf 87' lang='lat' dir='ltr'><strong>Doueualdus,</strong></span> 
     </span>
     <span class='ocr_line' id='line_1_5' title="bbox 466 1290 760 1390; baseline -0.01 -24"><span class='ocrx_word' id='word_1_34' title='bbox 466 1293 513 1366; x_wconf 92' lang='lat' dir='ltr'><strong>de</strong></span> <span class='ocrx_word' id='word_1_35' title='bbox 531 1316 603 1390; x_wconf 93' lang='lat' dir='ltr'><strong>quo</strong></span> <span class='ocrx_word' id='word_1_36' title='bbox 621 1290 760 1375; x_wconf 88' lang='lat' dir='ltr'><strong>dicitur,</strong></span> 
     </span>
    </p>
   </div>
   <div class='ocr_carea' id='block_1_3' title="bbox 644 1531 1518 1983">
    <p class='ocr_par' dir='ltr' id='par_1_4' title="bbox 644 1531 1518 1728">
     <span class='ocr_line' id='line_1_6' title="bbox 644 1531 1518 1631; baseline 0 -24"><span class='ocrx_word' id='word_1_37' title='bbox 644 1532 723 1607; x_wconf 87' lang='lat' dir='ltr'><strong>Rex</strong></span> <span class='ocrx_word' id='word_1_38' title='bbox 742 1531 982 1607; x_wconf 89' lang='lat' dir='ltr'><strong>Doueualdus</strong></span> <span class='ocrx_word' id='word_1_39' title='bbox 1001 1531 1034 1606; x_wconf 92' lang='lat' dir='ltr'><strong>ei</strong></span> <span class='ocrx_word' id='word_1_40' title='bbox 1053 1531 1210 1605; x_wconf 86' lang='lat' dir='ltr'><strong>succeffit</strong></span> <span class='ocrx_word' id='word_1_41' title='bbox 1228 1544 1381 1631; x_wconf 91' lang='lat' dir='ltr'><strong>quatuor</strong></span> <span class='ocrx_word' id='word_1_42' title='bbox 1400 1535 1518 1609; x_wconf 88' lang='lat' dir='ltr'><strong>anuis:</strong></span> 
     </span>
     <span class='ocr_line' id='line_1_7' title="bbox 694 1651 1321 1728; baseline -0.003 0"><span class='ocrx_word' id='word_1_43' title='bbox 694 1654 736 1728; x_wconf 91' lang='lat' dir='ltr'><strong>In</strong></span> <span class='ocrx_word' id='word_1_44' title='bbox 754 1652 849 1727; x_wconf 89' lang='lat' dir='ltr'><strong>bello</strong></span> <span class='ocrx_word' id='word_1_45' title='bbox 867 1652 969 1728; x_wconf 89' lang='lat' dir='ltr'><strong>miles</strong></span> <span class='ocrx_word' id='word_1_46' title='bbox 986 1653 1148 1728; x_wconf 89' lang='lat' dir='ltr'><strong>strennus</strong></span> <span class='ocrx_word' id='word_1_47' title='bbox 1165 1651 1225 1726; x_wconf 92' lang='lat' dir='ltr'><strong>ille</strong></span> <span class='ocrx_word' id='word_1_48' title='bbox 1242 1653 1321 1726; x_wconf 88' lang='lat' dir='ltr'><strong>fuit.</strong></span> 
     </span>
    </p>

    <p class='ocr_par' dir='ltr' id='par_1_5' title="bbox 645 1771 1405 1983">
     <span class='ocr_line' id='line_1_8' title="bbox 645 1771 1380 1875; baseline -0.001 -27"><span class='ocrx_word' id='word_1_49' title='bbox 645 1775 756 1875; x_wconf 84' lang='lat' dir='ltr'><strong>Regis</strong></span> <span class='ocrx_word' id='word_1_50' title='bbox 773 1774 926 1873; x_wconf 72' lang='lat' dir='ltr'><strong>predicti</strong></span> <span class='ocrx_word' id='word_1_51' title='bbox 943 1775 1053 1848; x_wconf 88' lang='lat' dir='ltr'><strong>frater</strong></span> <span class='ocrx_word' id='word_1_52' title='bbox 1070 1773 1139 1847; x_wconf 87' lang='lat' dir='ltr'><strong>fuit</strong></span> <span class='ocrx_word' id='word_1_53' title='bbox 1157 1773 1215 1847; x_wconf 93' lang='lat' dir='ltr'><strong>ille</strong></span> <span class='ocrx_word' id='word_1_54' title='bbox 1236 1771 1380 1859; x_wconf 88' lang='lat' dir='ltr'><strong>Kinedi,</strong></span> 
     </span>
     <span class='ocr_line' id='line_1_9' title="bbox 695 1893 1405 1983; baseline -0.003 -13"><span class='ocrx_word' id='word_1_55' title='bbox 695 1896 767 1983; x_wconf 88' lang='lat' dir='ltr'><strong>Qui</strong></span> <span class='ocrx_word' id='word_1_56' title='bbox 789 1896 907 1970; x_wconf 88' lang='lat' dir='ltr'><strong>Scone</strong></span> <span class='ocrx_word' id='word_1_57' title='bbox 925 1895 1035 1970; x_wconf 88' lang='lat' dir='ltr'><strong>fertur</strong></span> <span class='ocrx_word' id='word_1_58' title='bbox 1053 1893 1213 1969; x_wconf 88' lang='lat' dir='ltr'><strong>subditus</strong></span> <span class='ocrx_word' id='word_1_59' title='bbox 1226 1894 1296 1969; x_wconf 83' lang='lat' dir='ltr'><strong>effe</strong></span> <span class='ocrx_word' id='word_1_60' title='bbox 1314 1897 1405 1970; x_wconf 87' lang='lat' dir='ltr'><strong>neci.</strong></span> 
     </span>
    </p>
   </div>
   <div class='ocr_carea' id='block_1_4' title="bbox 523 2135 1513 2238">
    <p class='ocr_par' dir='ltr' id='par_1_6' title="bbox 523 2135 1513 2238">
     <span class='ocr_line' id='line_1_10' title="bbox 523 2135 1513 2238; baseline -0.002 -24"><span class='ocrx_word' id='word_1_61' title='bbox 523 2141 630 2214; x_wconf 86' lang='lat' dir='ltr'><strong>Auno</strong></span> <span class='ocrx_word' id='word_1_62' title='bbox 650 2138 825 2238; x_wconf 86' lang='lat' dir='ltr'><strong>nccclxiij.</strong></span> <span class='ocrx_word' id='word_1_63' title='bbox 853 2137 942 2212; x_wconf 94' lang='lat' dir='ltr'><strong>obiit</strong></span> <span class='ocrx_word' id='word_1_64' title='bbox 961 2135 1197 2212; x_wconf 86' lang='lat' dir='ltr'><strong>Douenaldus</strong></span> <span class='ocrx_word' id='word_1_65' title='bbox 1215 2161 1276 2210; x_wconf 89' lang='lat' dir='ltr'><strong>rex</strong></span> <span class='ocrx_word' id='word_1_66' title='bbox 1298 2137 1513 2212; x_wconf 85' lang='lat' dir='ltr'>Scottorum.</span> 
     </span>
    </p>
   </div>
   <div class='ocr_carea' id='block_1_5' title="bbox 645 2377 1645 2721">
    <p class='ocr_par' dir='ltr' id='par_1_7' title="bbox 645 2377 1645 2721">
     <span class='ocr_line' id='line_1_11' title="bbox 645 2377 1645 2478; baseline 0.001 -23"><span class='ocrx_word' id='word_1_67' title='bbox 645 2380 703 2456; x_wconf 89' lang='lat' dir='ltr'><strong>Fit</strong></span> <span class='ocrx_word' id='word_1_68' title='bbox 723 2379 976 2454; x_wconf 89' lang='lat' dir='ltr'><strong>Constantinus</strong></span> <span class='ocrx_word' id='word_1_69' title='bbox 994 2377 1071 2478; x_wconf 88' lang='lat' dir='ltr'><strong>post</strong></span> <span class='ocrx_word' id='word_1_70' title='bbox 1088 2377 1184 2452; x_wconf 91' lang='lat' dir='ltr'><strong>huuc</strong></span> <span class='ocrx_word' id='word_1_71' title='bbox 1201 2403 1262 2453; x_wconf 85' lang='lat' dir='ltr'><strong>rex</strong></span> <span class='ocrx_word' id='word_1_72' title='bbox 1280 2379 1438 2478; x_wconf 90' lang='lat' dir='ltr'><strong>quinque</strong></span> <span class='ocrx_word' id='word_1_73' title='bbox 1456 2392 1509 2454; x_wconf 89' lang='lat' dir='ltr'><strong>ter</strong></span> <span class='ocrx_word' id='word_1_74' title='bbox 1527 2382 1645 2468; x_wconf 82' lang='lat' dir='ltr'><strong>annis3</strong></span> 
     </span>
     <span class='ocr_line' id='line_1_12' title="bbox 695 2499 1239 2600; baseline -0.004 -26"><span class='ocrx_word' id='word_1_75' title='bbox 695 2499 807 2600; x_wconf 87' lang='lat' dir='ltr'><strong>Regis</strong></span> <span class='ocrx_word' id='word_1_76' title='bbox 827 2499 958 2574; x_wconf 89' lang='lat' dir='ltr'><strong>Kinedi</strong></span> <span class='ocrx_word' id='word_1_77' title='bbox 975 2499 1066 2573; x_wconf 90' lang='lat' dir='ltr'><strong>filius</strong></span> <span class='ocrx_word' id='word_1_78' title='bbox 1084 2499 1143 2573; x_wconf 88' lang='lat' dir='ltr'><strong>ille</strong></span> <span class='ocrx_word' id='word_1_79' title='bbox 1160 2499 1239 2573; x_wconf 89' lang='lat' dir='ltr'><strong>fuit.</strong></span> 
     </span>
     <span class='ocr_line' id='line_1_13' title="bbox 647 2618 1464 2721; baseline 0 -26"><span class='ocrx_word' id='word_1_80' title='bbox 647 2623 687 2695; x_wconf 92' lang='lat' dir='ltr'><strong>In</strong></span> <span class='ocrx_word' id='word_1_81' title='bbox 707 2621 800 2696; x_wconf 90' lang='lat' dir='ltr'><strong>bello</strong></span> <span class='ocrx_word' id='word_1_82' title='bbox 814 2645 979 2721; x_wconf 84' lang='lat' dir='ltr'><strong>pugnans</strong></span> <span class='ocrx_word' id='word_1_83' title='bbox 998 2618 1182 2693; x_wconf 87' lang='lat' dir='ltr'><strong>Dacorum</strong></span> <span class='ocrx_word' id='word_1_84' title='bbox 1200 2621 1329 2694; x_wconf 91' lang='lat' dir='ltr'><strong>corruit</strong></span> <span class='ocrx_word' id='word_1_85' title='bbox 1347 2622 1464 2707; x_wconf 89' lang='lat' dir='ltr'><strong>armis,</strong></span> 
     </span>
    </p>
   </div>
   <div class='ocr_carea' id='block_1_6' title="bbox 604 2740 1631 2857">
    <p class='ocr_par' dir='ltr' id='par_1_8' title="bbox 604 2740 1631 2857">
     <span class='ocr_line' id='line_1_14' title="bbox 604 2740 1631 2857; baseline 0.001 -41"><span class='ocrx_word' id='word_1_86' title='bbox 604 2809 613 2830; x_wconf 83' lang='grc'>,</span> <span class='ocrx_word' id='word_1_87' title='bbox 693 2741 851 2816; x_wconf 85' lang='lat' dir='ltr'><strong>Nomine</strong></span> <span class='ocrx_word' id='word_1_88' title='bbox 869 2740 986 2840; x_wconf 83' lang='lat' dir='ltr'><strong>Nigra</strong></span> <span class='ocrx_word' id='word_1_89' title='bbox 1008 2740 1146 2839; x_wconf 88' lang='lat' dir='ltr'>Specus</span> <span class='ocrx_word' id='word_1_90' title='bbox 1163 2740 1214 2814; x_wconf 87' lang='lat' dir='ltr'><strong>est</strong></span> <span class='ocrx_word' id='word_1_91' title='bbox 1231 2740 1292 2814; x_wconf 91' lang='lat' dir='ltr'><strong>ubi</strong></span> <span class='ocrx_word' id='word_1_92' title='bbox 1310 2767 1433 2842; x_wconf 86' lang='lat' dir='ltr'><strong>pugna</strong></span> <span class='ocrx_word' id='word_1_93' title='bbox 1451 2745 1529 2818; x_wconf 86' lang='lat' dir='ltr'><strong>fuit.</strong></span> <span class='ocrx_word' id='word_1_94' title='bbox 1625 2849 1631 2857; x_wconf 16' lang='grc' dir='ltr'><strong><em>ἡ</em></strong></span> 
     </span>
    </p>
   </div>
   <div class='ocr_carea' id='block_1_7' title="bbox 522 2981 1648 3202">
    <p class='ocr_par' dir='ltr' id='par_1_9' title="bbox 522 2981 1648 3202">
     <span class='ocr_line' id='line_1_15' title="bbox 522 2981 1648 3083; baseline 0 -22"><span class='ocrx_word' id='word_1_95' title='bbox 522 2988 630 3061; x_wconf 91' lang='lat' dir='ltr'><strong>Anno</strong></span> <span class='ocrx_word' id='word_1_96' title='bbox 649 2983 870 3083; x_wconf 74' lang='lat' dir='ltr'><strong>dccclxxviij.</strong></span> <span class='ocrx_word' id='word_1_97' title='bbox 898 2982 1071 3056; x_wconf 88' lang='lat' dir='ltr'><strong>occiditur</strong></span> <span class='ocrx_word' id='word_1_98' title='bbox 1092 2981 1346 3057; x_wconf 85' lang='lat' dir='ltr'><strong>Constantinus</strong></span> <span class='ocrx_word' id='word_1_99' title='bbox 1364 3009 1425 3057; x_wconf 85' lang='lat' dir='ltr'><strong>rex</strong></span> <span class='ocrx_word' id='word_1_100' title='bbox 1448 2985 1648 3061; x_wconf 88' lang='lat' dir='ltr'><strong>Scotorum.</strong></span> 
     </span>
     <span class='ocr_line' id='line_1_16' title="bbox 638 3102 1270 3202; baseline -0.006 -22"><span class='ocrx_word' id='word_1_101' title='bbox 638 3104 725 3180; x_wconf 82' lang='lat' dir='ltr'><strong>Rex</strong></span> <span class='ocrx_word' id='word_1_102' title='bbox 746 3106 935 3179; x_wconf 79' lang='lat' dir='ltr'><strong>Scotorum</strong></span> <span class='ocrx_word' id='word_1_103' title='bbox 954 3102 1039 3177; x_wconf 90' lang='lat' dir='ltr'><strong>Hed</strong></span> <span class='ocrx_word' id='word_1_104' title='bbox 1056 3104 1164 3177; x_wconf 87' lang='lat' dir='ltr'><strong>frater</strong></span> <span class='ocrx_word' id='word_1_105' title='bbox 1181 3102 1270 3202; x_wconf 80' lang='lat' dir='ltr'><strong>ejus,</strong></span> 
     </span>
    </p>
   </div>
   <div class='ocr_carea' id='block_1_8' title="bbox 645 3339 1669 3785">
    <p class='ocr_par' dir='ltr' id='par_1_10' title="bbox 645 3339 1486 3569">
     <span class='ocr_line' id='line_1_17' title="bbox 645 3339 1486 3448; baseline 0 -25"><span class='ocrx_word' id='word_1_106' title='bbox 645 3349 816 3448; x_wconf 82' lang='lat' dir='ltr'><strong>Ejusdem</strong></span> <span class='ocrx_word' id='word_1_107' title='bbox 834 3349 943 3423; x_wconf 88' lang='lat' dir='ltr'><strong>frater</strong></span> <span class='ocrx_word' id='word_1_108' title='bbox 960 3339 1171 3446; x_wconf 81' lang='lat' dir='ltr'><strong>regnaverat</strong></span> <span class='ocrx_word' id='word_1_109' title='bbox 1191 3345 1341 3446; x_wconf 84' lang='lat' dir='ltr'><strong>Albipes</strong></span> <span class='ocrx_word' id='word_1_110' title='bbox 1361 3347 1486 3423; x_wconf 88' lang='lat' dir='ltr'><strong>Edhus</strong></span> 
     </span>
     <span class='ocr_line' id='line_1_18' title="bbox 696 3462 1471 3569; baseline -0.004 -25"><span class='ocrx_word' id='word_1_111' title='bbox 696 3470 769 3557; x_wconf 87' lang='lat' dir='ltr'><strong>Qui</strong></span> <span class='ocrx_word' id='word_1_112' title='bbox 789 3469 881 3569; x_wconf 88' lang='lat' dir='ltr'><strong>Grig</strong></span> <span class='ocrx_word' id='word_1_113' title='bbox 901 3462 1095 3542; x_wconf 82' lang='lat' dir='ltr'><strong>Dofualide</strong></span> <span class='ocrx_word' id='word_1_114' title='bbox 1113 3467 1252 3543; x_wconf 89' lang='lat' dir='ltr'><strong>saucius</strong></span> <span class='ocrx_word' id='word_1_115' title='bbox 1270 3469 1352 3542; x_wconf 86' lang='lat' dir='ltr'><strong>ense</strong></span> <span class='ocrx_word' id='word_1_116' title='bbox 1370 3469 1471 3568; x_wconf 89' lang='lat' dir='ltr'><strong>perit.</strong></span> 
     </span>
    </p>

    <p class='ocr_par' dir='ltr' id='par_1_11' title="bbox 647 3588 1669 3785">
     <span class='ocr_line' id='line_1_19' title="bbox 647 3588 1669 3691; baseline 0 -26"><span class='ocrx_word' id='word_1_117' title='bbox 647 3591 719 3665; x_wconf 87' lang='lat' dir='ltr'><strong>Hic</strong></span> <span class='ocrx_word' id='word_1_118' title='bbox 736 3590 922 3691; x_wconf 87' lang='lat' dir='ltr'><strong>postquam</strong></span> <span class='ocrx_word' id='word_1_119' title='bbox 941 3589 1093 3688; x_wconf 86' lang='lat' dir='ltr'><strong>primum</strong></span> <span class='ocrx_word' id='word_1_120' title='bbox 1110 3589 1211 3689; x_wconf 87' lang='lat' dir='ltr'><strong>regni</strong></span> <span class='ocrx_word' id='word_1_121' title='bbox 1230 3588 1507 3688; x_wconf 87' lang='lat' dir='ltr'><strong>comp[l]everat</strong></span> <span class='ocrx_word' id='word_1_122' title='bbox 1525 3616 1669 3677; x_wconf 89' lang='lat' dir='ltr'><strong>anuum,</strong></span> 
     </span>
     <span class='ocr_line' id='line_1_20' title="bbox 697 3708 1382 3785; baseline -0.003 -1"><span class='ocrx_word' id='word_1_123' title='bbox 697 3710 738 3784; x_wconf 96' lang='lat' dir='ltr'><strong>In</strong></span> <span class='ocrx_word' id='word_1_124' title='bbox 761 3709 942 3785; x_wconf 88' lang='lat' dir='ltr'><strong>Stratalun</strong></span> <span class='ocrx_word' id='word_1_125' title='bbox 960 3708 1070 3783; x_wconf 88' lang='lat' dir='ltr'><strong>vitam</strong></span> <span class='ocrx_word' id='word_1_126' title='bbox 1088 3709 1215 3783; x_wconf 88' lang='lat' dir='ltr'><strong>wlnere</strong></span> <span class='ocrx_word' id='word_1_127' title='bbox 1232 3709 1382 3783; x_wconf 89' lang='lat' dir='ltr'><strong>finierat.</strong></span> 
     </span>
    </p>
   </div>
   <div class='ocr_carea' id='block_1_9' title="bbox 476 3949 1927 4176">
    <p class='ocr_par' dir='ltr' id='par_1_12' title="bbox 476 3949 1927 4176">
     <span class='ocr_line' id='line_1_21' title="bbox 523 3949 1927 4057; baseline 0 -26"><span class='ocrx_word' id='word_1_128' title='bbox 523 3959 631 4030; x_wconf 88' lang='lat' dir='ltr'><strong>Anno</strong></span> <span class='ocrx_word' id='word_1_129' title='bbox 650 3953 848 4030; x_wconf 71' lang='lat' dir='ltr'><strong>dccclxxix.</strong></span> <span class='ocrx_word' id='word_1_130' title='bbox 867 3979 928 4027; x_wconf 87' lang='lat' dir='ltr'><strong>rex</strong></span> <span class='ocrx_word' id='word_1_131' title='bbox 951 3952 1141 4026; x_wconf 89' lang='lat' dir='ltr'><strong>Scotorum</strong></span> <span class='ocrx_word' id='word_1_132' title='bbox 1160 3949 1236 4025; x_wconf 91' lang='lat' dir='ltr'><strong>Het</strong></span> <span class='ocrx_word' id='word_1_133' title='bbox 1256 3952 1381 4051; x_wconf 87' lang='lat' dir='ltr'><strong>[frater</strong></span> <span class='ocrx_word' id='word_1_134' title='bbox 1399 3952 1492 4053; x_wconf 90' lang='lat' dir='ltr'><strong>ejus]</strong></span> <span class='ocrx_word' id='word_1_135' title='bbox 1513 3955 1702 4030; x_wconf 90' lang='lat' dir='ltr'><strong>occiditur:</strong></span> <span class='ocrx_word' id='word_1_136' title='bbox 1727 3958 1927 4057; x_wconf 89' lang='lat' dir='ltr'><strong>postquem</strong></span> 
     </span>
     <span class='ocr_line' id='line_1_22' title="bbox 476 4071 1255 4176; baseline -0.003 -28"><span class='ocrx_word' id='word_1_137' title='bbox 476 4075 553 4176; x_wconf 85' lang='lat' dir='ltr'><strong>[rex</strong></span> <span class='ocrx_word' id='word_1_138' title='bbox 576 4077 780 4151; x_wconf 90' lang='lat' dir='ltr'><strong>Scottorum</strong></span> <span class='ocrx_word' id='word_1_139' title='bbox 800 4073 1001 4174; x_wconf 68' lang='lat' dir='ltr'><strong>Grig&#39;filius</strong></span> <span class='ocrx_word' id='word_1_140' title='bbox 1020 4071 1255 4171; x_wconf 88' lang='lat' dir='ltr'><strong>Douenaldi.]</strong></span> 
     </span>
    </p>
   </div>
   <div class='ocr_carea' id='block_1_10' title="bbox 647 4312 1598 5010">
    <p class='ocr_par' dir='ltr' id='par_1_13' title="bbox 647 4312 1598 4533">
     <span class='ocr_line' id='line_1_23' title="bbox 647 4312 1598 4416; baseline 0.001 -25"><span class='ocrx_word' id='word_1_141' title='bbox 647 4317 740 4416; x_wconf 89' lang='lat' dir='ltr'><strong>Grig</strong></span> <span class='ocrx_word' id='word_1_142' title='bbox 757 4318 819 4390; x_wconf 86' lang='lat' dir='ltr'><strong>sua</strong></span> <span class='ocrx_word' id='word_1_143' title='bbox 832 4315 914 4415; x_wconf 88' lang='lat' dir='ltr'><strong>jura</strong></span> <span class='ocrx_word' id='word_1_144' title='bbox 932 4338 1061 4414; x_wconf 82' lang='lat' dir='ltr'><strong>gerens</strong></span> <span class='ocrx_word' id='word_1_145' title='bbox 1078 4313 1180 4387; x_wconf 89' lang='lat' dir='ltr'><strong>aunis</strong></span> <span class='ocrx_word' id='word_1_146' title='bbox 1198 4312 1288 4388; x_wconf 89' lang='lat' dir='ltr'><strong>deca</strong></span> <span class='ocrx_word' id='word_1_147' title='bbox 1306 4339 1367 4389; x_wconf 89' lang='lat' dir='ltr'><strong>rex</strong></span> <span class='ocrx_word' id='word_1_148' title='bbox 1383 4315 1423 4389; x_wconf 87' lang='lat' dir='ltr'><strong>fit</strong></span> <span class='ocrx_word' id='word_1_149' title='bbox 1440 4326 1477 4390; x_wconf 90' lang='lat' dir='ltr'><strong>et</strong></span> <span class='ocrx_word' id='word_1_150' title='bbox 1495 4318 1598 4392; x_wconf 72' lang='lat' dir='ltr'><strong>octo:</strong></span> 
     </span>
     <span class='ocr_line' id='line_1_24' title="bbox 698 4433 1520 4533; baseline 0.001 -23"><span class='ocrx_word' id='word_1_151' title='bbox 698 4437 739 4510; x_wconf 90' lang='lat' dir='ltr'><strong>ln</strong></span> <span class='ocrx_word' id='word_1_152' title='bbox 759 4435 958 4510; x_wconf 89' lang='lat' dir='ltr'><strong>Duuduren</strong></span> <span class='ocrx_word' id='word_1_153' title='bbox 977 4433 1108 4533; x_wconf 88' lang='lat' dir='ltr'><strong>probus</strong></span> <span class='ocrx_word' id='word_1_154' title='bbox 1125 4447 1239 4510; x_wconf 86' lang='lat' dir='ltr'><strong>morte</strong></span> <span class='ocrx_word' id='word_1_155' title='bbox 1257 4447 1415 4511; x_wconf 87' lang='lat' dir='ltr'><strong>retentus</strong></span> <span class='ocrx_word' id='word_1_156' title='bbox 1433 4450 1520 4511; x_wconf 86' lang='lat' dir='ltr'><strong>crat.</strong></span> 
     </span>
    </p>

    <p class='ocr_par' dir='ltr' id='par_1_14' title="bbox 647 4553 1427 4778">
     <span class='ocr_line' id='line_1_25' title="bbox 647 4553 1424 4647; baseline -0.001 -15"><span class='ocrx_word' id='word_1_157' title='bbox 647 4558 720 4647; x_wconf 88' lang='lat' dir='ltr'><strong>Qui</strong></span> <span class='ocrx_word' id='word_1_158' title='bbox 738 4556 837 4631; x_wconf 90' lang='lat' dir='ltr'><strong>dedit</strong></span> <span class='ocrx_word' id='word_1_159' title='bbox 854 4553 999 4631; x_wconf 87' lang='lat' dir='ltr'><strong>ecclefie</strong></span> <span class='ocrx_word' id='word_1_160' title='bbox 1017 4554 1200 4630; x_wconf 86' lang='lat' dir='ltr'><strong>libertates</strong></span> <span class='ocrx_word' id='word_1_161' title='bbox 1222 4556 1424 4642; x_wconf 89' lang='lat' dir='ltr'><strong>Scoticaue,</strong></span> 
     </span>
     <span class='ocr_line' id='line_1_26' title="bbox 697 4676 1427 4778; baseline -0.005 -24"><span class='ocrx_word' id='word_1_162' title='bbox 697 4680 779 4767; x_wconf 87' lang='lat' dir='ltr'><strong>Que</strong></span> <span class='ocrx_word' id='word_1_163' title='bbox 798 4677 860 4752; x_wconf 82' lang='lat' dir='ltr'><strong>sub</strong></span> <span class='ocrx_word' id='word_1_164' title='bbox 881 4677 1064 4752; x_wconf 73' lang='lat' dir='ltr'><strong>Pictorum</strong></span> <span class='ocrx_word' id='word_1_165' title='bbox 1081 4676 1164 4778; x_wconf 86' lang='lat' dir='ltr'><strong>lege</strong></span> <span class='ocrx_word' id='word_1_166' title='bbox 1182 4677 1331 4752; x_wconf 76' lang='lat' dir='ltr'><strong>redacta</strong></span> <span class='ocrx_word' id='word_1_167' title='bbox 1347 4679 1427 4751; x_wconf 88' lang='lat' dir='ltr'><strong>fuit.</strong></span> 
     </span>
    </p>

    <p class='ocr_par' dir='ltr' id='par_1_15' title="bbox 647 4798 1542 5010">
     <span class='ocr_line' id='line_1_27' title="bbox 647 4798 1542 4901; baseline -0.003 -25"><span class='ocrx_word' id='word_1_168' title='bbox 647 4800 765 4901; x_wconf 86' lang='lat' dir='ltr'><strong>Hujus</strong></span> <span class='ocrx_word' id='word_1_169' title='bbox 783 4799 830 4874; x_wconf 90' lang='lat' dir='ltr'><strong>ad</strong></span> <span class='ocrx_word' id='word_1_170' title='bbox 847 4798 1034 4898; x_wconf 91' lang='lat' dir='ltr'><strong>imperium</strong></span> <span class='ocrx_word' id='word_1_171' title='bbox 1050 4799 1118 4873; x_wconf 89' lang='lat' dir='ltr'><strong>fuit</strong></span> <span class='ocrx_word' id='word_1_172' title='bbox 1138 4798 1273 4901; x_wconf 86' lang='lat' dir='ltr'><strong>Anglia</strong></span> <span class='ocrx_word' id='word_1_173' title='bbox 1290 4810 1366 4872; x_wconf 87' lang='lat' dir='ltr'><strong>tota</strong></span> <span class='ocrx_word' id='word_1_174' title='bbox 1384 4799 1542 4898; x_wconf 75' lang='lat' dir='ltr'><strong>peracta,</strong></span> 
     </span>
     <span class='ocr_line' id='line_1_28' title="bbox 696 4918 1539 5010; baseline -0.004 -13"><span class='ocrx_word' id='word_1_175' title='bbox 696 4922 807 5010; x_wconf 87' lang='lat' dir='ltr'><strong>Quod</strong></span> <span class='ocrx_word' id='word_1_176' title='bbox 824 4946 896 4997; x_wconf 91' lang='lat' dir='ltr'><strong>non</strong></span> <span class='ocrx_word' id='word_1_177' title='bbox 914 4920 993 4996; x_wconf 89' lang='lat' dir='ltr'><strong>leva</strong></span> <span class='ocrx_word' id='word_1_178' title='bbox 1011 4920 1110 4995; x_wconf 89' lang='lat' dir='ltr'><strong>dedit</strong></span> <span class='ocrx_word' id='word_1_179' title='bbox 1128 4921 1199 4997; x_wconf 87' lang='lat' dir='ltr'><strong>sors</strong></span> <span class='ocrx_word' id='word_1_180' title='bbox 1216 4919 1279 4995; x_wconf 86' lang='lat' dir='ltr'><strong>fibi</strong></span> <span class='ocrx_word' id='word_1_181' title='bbox 1297 4918 1392 4994; x_wconf 87' lang='lat' dir='ltr'><strong>bella</strong></span> <span class='ocrx_word' id='word_1_182' title='bbox 1408 4930 1539 4995; x_wconf 76' lang='lat' dir='ltr'><strong>terena.</strong></span> 
     </span>
    </p>
   </div>
   <div class='ocr_carea' id='block_1_11' title="bbox 0 0 2362 6420">
    <p class='ocr_par' dir='ltr' id='par_1_16' title="bbox 0 0 2362 6420">
     <span class='ocr_line' id='line_1_29' title="bbox 0 0 2362 6420; baseline 0 0"><span class='ocrx_word' id='word_1_183' title='bbox 0 0 2362 6420; x_wconf 95' lang='lat' dir='ltr'><strong> </strong></span> 
     </span>
    </p>
   </div>
  </div>
 </body>
</html>
