4716 6428
329 700 428 776 Α.Ι).
461 708 567 775 1145.
673 700 995 780 CHRONICA
1029 706 1100 781 DE
1135 708 1427 803 MAILROS.
1743 725 1789 802 73

326 914 445 989 divino
463 914 580 990 officio
597 914 761 1002 vacabat,
780 917 1043 1018 archiepiscopo
1070 945 1092 992 a
1113 918 1300 993 Saracenis
1318 920 1353 992 in
1380 920 1527 995 ecclefia
1547 922 1788 1000 miserabiliter

326 1060 407 1109 cum
434 1036 596 1110 universo
623 1038 699 1110 fere
731 1036 1008 1113 Christianorum
1036 1039 1169 1138 populo
1200 1039 1421 1113 detruncato.
1476 1039 1517 1113 In
1548 1040 1615 1115 hac
1646 1044 1788 1119 civitate

324 1154 452 1231 beatus
471 1156 632 1233 Thomas
650 1159 841 1259 apostolus,
859 1161 943 1233 olim
961 1157 1008 1233 ab
1029 1158 1131 1232 India
1149 1158 1346 1245 transsatus
1364 1161 1562 1259 requiescit.

373 1277 481 1353 Anno
498 1279 661 1378 mcxlvj.
686 1304 871 1354 sccsnsra
898 1304 1041 1354 saucrn
1063 1279 1196 1353 Marus
1223 1304 1272 1353 ns.
1300 1279 1480 1355 Mamaos
1506 1306 1698 1357 osnrcara
1716 1309 1785 1360 ssr

323 1423 354 1471 v.
373 1398 545 1473 kalendas
565 1397 719 1498 Augusti
740 1398 828 1498 [Jul.
847 1400 912 1499 28]
933 1400 968 1472 in
988 1400 1176 1472 dominica.

373 1518 576 1593 Willelmus
586 1517 869 1620 archiepiscopo¹
880 1519 1050 1619 grauibus
1062 1519 1224 1618 capitulis
1242 1520 1278 1592 in
1290 1521 1387 1593 curia
1403 1519 1565 1595 Romana
1579 1548 1601 1595 a
1614 1522 1785 1597 diochesrs

320 1639 380 1711 luc
396 1640 554 1737 personis
572 1641 756 1714 accusatus
786 1639 849 1713 est.
903 1638 1010 1711 Unde
1038 1640 1123 1738 quia
1151 1640 1335 1738 episcopus
1365 1640 1612 1715 Dunelmensrs
1639 1642 1784 1717 nolebat

322 1782 401 1832 eum
418 1761 639 1833 sacramento
657 1784 823 1859 purgare,
841 1760 1011 1858 praecepit
1029 1784 1111 1832 eum
1128 1784 1223 1857 papa
1243 1758 1430 1858 Eugenius
1448 1760 1590 1835 ceffare.

368 1878 477 1953 Anno
494 1879 669 1979 mcxlvij.
689 1893 766 1952 rex⁸
784 1879 1002 1952 Francorum
1023 1877 1240 1964 Ludouicus‚
1260 1891 1295 1952 et
1321 1880 1422 1953 multi
1448 1879 1585 1955 nobiles
1609 1895 1645 1955 et
1669 1908 1780 1982 popu·

319 1999 372 2073 lus
389 1998 667 2084 innumerabilis,
688 1999 929 2073 Ierololimam
947 1999 1099 2098 profecti
1117 2000 1196 2071 sunt
1223 1999 1268 2071 ad
1295 1999 1547 2073 debellandum
1569 2002 1779 2089 Saracenos,

319 2118 378 2193 ubi
395 2144 466 2193 non
484 2120 596 2194 folum
614 2120 722 2193 nichil
740 2121 977 2218 profecerunt,
996 2143 1118 2191 verum
1136 2119 1244 2192 etiam
1262 2119 1449 2218 plurimam
1463 2121 1644 2218 jacturam
1657 2123 1779 2220 populi

318 2240 378 2325 lui,
397 2254 503 2340 capto
522 2267 543 2314 a
563 2240 691 2313 Turcis
712 2238 894 2313 Willelmo
911 2238 1022 2315 nobili
1041 2238 1170 2311 comite
1188 2239 1233 2313 de
1255 2238 1450 2325 Warcnna,
1469 2240 1613 2315 diuerlis
1630 2242 1665 2317 in
1692 2242 1778 2317 locis

318 2360 463 2459 perpelli
480 2362 570 2434 lunt.

367 2480 466 2555 Ordo
488 2480 828 2555 Praemonstratenfis
845 2481 942 2554 venit
960 2480 1006 2554 ad
1027 2479 1218 2554 Alnewic.¹'

366 2600 467 2676 Obiit
485 2600 669 2676 Johannes
685 2599 908 2675 Glalcuensrs
927 2601 1185 2698 episcopm,⁰et
1201 2598 1421 2673 Hcrebertus
1436 2598 1548 2674 abbas
1566 2600 1611 2673 de
1632 2600 1775 2675 Kelhou

318 2721 469 2795 luccellit
487 2722 564 2807 ei,eo
581 2724 805 2795 consecratus
824 2747 845 2793 a
863 2745 958 2819 papa
978 2718 1144 2818 Eugenio
1160 2717 1398 2804 Antifiodoro‚
1418 2719 1475 2793 die
1494 2720 1606 2794 land‘ti
1626 2720 1775 2795 Bartho-

318 2842 383 2915 mei
404 2840 521 2941 [Aug.
540 2840 620 2941 24],
638 2853 675 2915 et
694 2839 872 2914 Emaldus
889 2841 1006 2913 factus
1025 2838 1137 2911 abbas
1155 2839 1200 2912 de
1221 2839 1360 2912 Kalcou
1378 2840 1563 2913 secundus,

363 2960 540 3036 Henricus
564 2960 736 3035 Murdacd
758 2959 871 3034 abbas
896 2960 942 3033 de
969 2958 1142 3032 Fontibus
1169 2959 1306 3033 eledlus
1332 2959 1445 3033 estin
1471 2960 1773 3060 archiepiscopum

319 3079 588 3167 Eboracenlem,
612 3095 648 3155 et
672 3083 895 3155 consecratus
919 3080 970 3154 est
993 3105 1015 3152 a
1037 3104 1133 3181 papa
1157 3078 1324 3178 Eugenio
1345 3079 1513 3156 Treueris
1536 3081 1714 3156 dominica
1735 3082 1771 3179 ij.

318 3200 485 3277 adventus
502 3201 635 3275 domini
657 3200 766 3301 [Dec.
787 3201 841 3299 7].

362 3321 463 3396 Obiit
481 3302 687 3397 Alexander
705 3322 890 3419 episcopus
911 3318 1107 3393 Lincolnie.

363 3440 502 3516 Eodem
529 3466 623 3515 anno
651 3440 838 3541 Eugenius
855 3465 950 3542 papa
976 3463 1147 3545 magnum
1167 3438 1355 3511 concilium
1376 3437 1498 3511 Remis
1515 3439 1631 3511 tenuit
1650 3438 1696 3510 ad
1721 3438 1769 3512 le-

316 3572 387 3635 tare
407 3561 625 3637 Ierusalem⁶.

364 3682 468 3756 Anno
486 3682 673 3781 sacrdviij.
695 3680 870 3755 Ricardus
887 3682 1020 3779 primus
1039 3676 1150 3752 abbas
1176 3677 1221 3749 dc
1254 3677 1389 3750 Melros
1419 3675 1578 3761 dilceffit,
1609 3689 1646 3749 et
1668 3675 1767 3750 Wal-

316 3800 433 3877 teuus¹
448 3804 558 3876 frater
586 3800 733 3877 Henrici
758 3800 896 3875 comitis
918 3797 1242 3882 Northimbrorum,
1264 3808 1300 3871 et
1330 3797 1485 3872 Simonis
1511 3796 1650 3871 comitis
1674 3795 1767 3870 Nor-

316 3920 490 4008 hamtune,
508 3922 628 3996 fad‘tus
646 3920 698 3995 est
715 3918 828 3993 abbas
846 3919 891 3993 de
911 3919 1059 3993 Malros.

362 4040 568 4116 Conventus
584 4042 680 4115 venit
699 4041 745 4114 ad
765 4039 936 4115 Alnewic.

346 4274 356 4299 ¹
369 4276 492 4340 william,
505 4274 674 4347 Archbishop
684 4274 802 4338 onork,
821 4274 958 4329 arelatire
971 4285 999 4327 to
1014 4272 1085 4343 King
1096 4271 1224 4343 Stephon,
1239 4288 1284 4325 see
1293 4272 1393 4333 Stulte,
1403 4272 1454 4324 col.
1471 4272 1548 4329 1721.
1623 4270 1704 4339 (24)·
1716 4271 1766 4325 See

317 4362 387 4435 Velly,
398 4362 433 4415 iii.
445 4364 505 4425 119,
519 4364 579 4415 lto.
617 4360 709 4423 ΒΑΛ,
720 4359 738 4413 1.
748 4360 811 4417 576.
924 4358 1067 4411 ”Mam
1077 4358 1175 4427 Anglio
1186 4356 1212 4409 ii.
1224 4360 1285 4408 591.
1296 4354 1359 4408 edit.
1374 4358 1452 4408 1661.
1558 4352 1650 4407 eJohn
1660 4355 1767 4425 ofHeae-

307 4444 361 4499 ln
371 4444 459 4517 places
468 4444 523 4499 this
535 4444 591 4498 obit
601 4444 629 4497 in
641 4444 689 4497 the
701 4460 763 4514 year
778 4446 855 4506 1148,
876 4442 926 4497 col
941 4443 1002 4500 276.
1037 4441 1117 4511 Upon
1130 4439 1176 4494 the
1187 4440 1222 4492 ad
1234 4438 1265 4492 ol
1276 4439 1340 4509 May
1354 4439 1422 4496 1147
1435 4437 1470 4491 hc
1483 4455 1537 4492 was
1550 4448 1578 4491 at
1592 4438 1765 4507 coldingham

310 4528 371 4583 vah
384 4528 481 4589 David,
499 4546 530 4583 as
541 4544 652 4598 appears
669 4528 706 4598 by
718 4545 734 4581 s
746 4526 850 4581 chester
868 4526 971 4597 printed
988 4526 1016 4579 iu
1033 4524 1080 4578 the
1099 4523 1232 4595 appendix
1248 4533 1278 4576 to
1292 4525 1396 4576 Raine'r
1408 4524 1492 4575 North
1503 4524 1629 4583 Darham,
1652 4523 1705 4575 No.
1720 4525 1763 4575 21.

309 4610 366 4667 'l'he
383 4614 473 4667 dhon.
487 4612 610 4667 &Crucis
621 4628 711 4681 agrees
723 4610 789 4667 with
803 4610 850 4664 the
865 4620 931 4672 text,
945 4628 972 4681 p.
986 4613 1030 4663 30.
1139 4608 1151 4638 ‘¹
1168 4608 1218 4661 Sec
1231 4607 1329 4668 Stulte,
1344 4606 1395 4660 col.
1412 4607 1489 4664 1721.
1598 4604 1609 4627 ⁰
1626 4604 1705 4673 Upon
1718 4604 1765 4655 the

308 4698 367 4750 dlst
377 4695 410 4751 ol
424 4695 519 4751 March
534 4699 611 4751 1148.
732 4694 757 4719 “
779 4702 798 4727 “
809 4694 956 4751 Herbertus
970 4693 1118 4764 Episcopus
1133 4691 1329 4761 Glusgucnsis,”
1342 4708 1378 4745 on
1390 4690 1437 4745 the
1449 4690 1546 4759 marm
1565 4689 1591 4741 in
1604 4687 1650 4741 red
1662 4686 1760 4743 letters.

307 4777 317 4811 ¹
331 4778 374 4837 He
385 4796 440 4835 rm
451 4780 499 4835 the
510 4788 640 4851 youngest
651 4796 701 4833 son
714 4777 746 4832 of
755 4778 846 4834 Simon
858 4778 892 4834 de
906 4778 937 4833 St
949 4776 1003 4841 Lis,
1019 4776 1082 4831 Earl
1093 4775 1125 4829 of
1135 4775 1340 4845 Nortbampton.

727 4896 753 4947 K
