4716 6428
613 678 661 745 88
966 668 1288 744 CHRONICA
1322 666 1399 743 DE
1433 666 1726 742 MAILROS.
1842 667 2068 754 A.D.1175.

614 907 734 957 coram
752 905 838 980 rege
857 882 918 954 suo
940 879 1121 953 Willelmo
1139 879 1324 978 ligantiam
1338 879 1500 951 fecerunt
1518 889 1554 951 et
1572 875 1711 950 obfides
1729 875 1915 963 dederunt,
1931 891 1966 952 et
1985 881 2072 980 epil-

614 1004 694 1101 copi
713 1002 870 1100 ejusdem
888 1001 988 1100 regni
1007 1002 1041 1073 in
1060 1000 1168 1073 verbo
1186 999 1342 1073 veritatis
1360 997 1567 1071 fidelitatem
1588 997 1797 1094 juraverunt
1817 997 1976 1074 Heurico
1995 1006 2071 1103 regi

616 1124 761 1225 Anglie,
781 1124 923 1196 civitate
943 1121 1140 1195 Eboracou
1165 1206 1173 1228 ι

665 1244 772 1317 Anno
791 1243 975 1340 mclxxvj.
998 1242 1229 1324 WiuianuS,w
1246 1240 1337 1313 tituli
1355 1239 1467 1313 saneti
1490 1238 1662 1337 Stephani
1678 1239 1713 1311 in
1730 1237 1832 1312 Celie
1845 1253 1967 1316 monte
1980 1246 2073 1342 pres·

613 1364 704 1437 biter
728 1362 927 1447 cardinalis,
953 1362 1134 1461 apostolici
1159 1360 1249 1433 sedis
1274 1360 1427 1459 legatus
1451 1360 1616 1433 Scociam
1634 1360 1786 1444 intravit,
1805 1363 2019 1439 conculcans
2036 1378 2072 1439 et

613 1485 856 1558 comminuens
874 1481 978 1556 obvia
996 1507 1151 1580 queque,
1170 1481 1357 1579 expeditus
1375 1504 1503 1578 capere
1521 1504 1588 1552 nec
1611 1480 1801 1579 impeditus
1818 1506 1955 1580 rapere.

665 1603 860 1677 Ricardus¹
878 1628 1009 1685 comes,
1028 1602 1241 1699 cognomine
1265 1600 1505 1699 Strangboge,
1524 1600 1559 1672 in
1580 1598 1766 1698 Hybernia
1785 1601 1884 1675 obiit.

665 1723 780 1797 Facta
798 1723 849 1795 est
863 1723 1043 1796 eontentio
1062 1723 1152 1795 inter
1173 1721 1374 1794 Walterum
1393 1720 1561 1793 abbatem
1577 1720 1809 1794 Tironensem
1824 1735 1859 1796 et
1870 1722 2073 1798 Johannem

616 1842 850 1917 Kalcoensem
870 1844 914 1916 de
933 1843 1166 1941 subjectione,
1186 1843 1265 1940 quis
1283 1867 1406 1915 eorum
1424 1839 1601 1915 videretur
1619 1838 1688 1915 ell'e
1705 1841 1831 1941 major.

664 1962 772 2036 Anno
796 1962 996 2061 mclxxvij.
1030 1961 1239 2036 Fredericus
1267 1960 1510 2034 Romanorum
1541 1962 1732 2059 imperator
1760 1962 1806 2034 ad
1835 1962 2072 2037 Christianam

613 2084 838 2157 devotionem
853 2094 889 2156 et
903 2082 1024 2156 sancte
1038 2083 1160 2155 matris
1175 2080 1320 2155 ecclelia
1335 2081 1508 2154 unitatem
1527 2082 1642 2165 rediit,
1662 2093 1698 2155 et
1717 2081 1909 2156 Venetiam
1927 2084 2072 2159 veniens

615 2200 760 2277 domino
779 2229 883 2301 papae
904 2202 1111 2276 Alexandro
1131 2228 1187 2275 111.
1211 2203 1247 2276 in
1266 2200 1413 2275 ecclelia
1435 2201 1557 2274 Sancti
1578 2201 1693 2274 Marci
1712 2204 1945 2277 reverentiam
1964 2228 2073 2302 quam

614 2323 738 2397 debuit
753 2334 788 2396 et
803 2323 990 2422 spopondit
1002 2335 1038 2397 et
1052 2323 1236 2422 impendit,
1251 2334 1287 2396 et
1301 2323 1336 2395 in
1350 2321 1488 2421 signum
1498 2321 1581 2397 fidei
1599 2334 1636 2396 et
1648 2322 1793 2398 foederis
1806 2323 1896 2397 firmi
1914 2324 2072 2424 suscepe-

611 2455 692 2516 runt
710 2443 914 2516 seinvicem
931 2444 966 2516 in
984 2443 1104 2517 osculo
1121 2444 1232 2542 pacis.

663 2563 876 2637 vivianusu
893 2563 1092 2647 cardinalis,
1113 2562 1300 2662 Hybernia
1311 2562 1461 2648 rediens,
1481 2562 1577 2662 apud
1595 2563 1747 2637 castrum
1767 2563 1971 2657 Puellarum
1985 2590 2072 2665 prae·

612 2685 705 2757 latos
725 2683 824 2783 regni
848 2683 978 2756 Scotiae
997 2685 1217 2767 convocavit,
1236 2684 1325 2757 etin
1344 2683 1494 2759 concilio
1514 2684 1613 2758 sedit.

664 2802 828 2903 Rogatus
842 2802 953 2877 abbas
964 2805 1097 2902 primus
1111 2803 1156 2878 de
1172 2804 1349 2878 Drieburc
1363 2829 1484 2877 curam
1498 2805 1617 2878 ovium
1632 2804 1832 2905 refignavit,
1846 2817 1883 2879 et
1899 2806 2072 2880 Girardus

611 2925 705 3024 prior
723 2924 755 2997 ei
775 2924 821 2997 ad
838 2924 1066 2996 ministerium
1085 2923 1251 2998 luccelht.

665 3043 849 3118 Walterus
872 3044 963 3119 filius
983 3043 1103 3128 Alani,
1123 3045 1261 3144 dapifer
1279 3045 1372 3143 regis
1395 3044 1610 3130 Scottorum,
1629 3046 1813 3120 familiaris
1830 3046 1959 3131 noster,
1977 3046 2071 3121 diem
2088 3050 2092 3057 '

611 3166 711 3250 obiit,
730 3165 832 3264 cujus
850 3166 957 3240 beata
975 3167 1093 3240 anima
1111 3165 1205 3239 vivat
1223 3167 1258 3238 in
1276 3166 1418 3265 gloria.y
1821 3150 1826 3157 ⁸

663 3287 769 3359 Anno
788 3285 998 3384 unclxxviij.
1028 3285 1116 3359 obiit
1140 3285 1314 3359 Ricardus
1338 3285 1524 3384 episcopus
1547 3285 1592 3360 de
1618 3285 1822 3371 Dunkelde,
1841 3298 1877 3359 et
1897 3285 2072 3360 Ricardus

610 3407 794 3506 episcopus
813 3406 924 3480 sanni
944 3405 1116 3480 Andree.²

661 3526 834 3627 Magister
852 3525 1047 3611 lohannes,
1066 3527 1280 3626 cognomine
1302 3526 1459 3610 Scottus,
1478 3525 1524 3599 ad
1543 3526 1786 3625 episcopatum
1799 3526 1912 3600 lancti
1926 3524 2072 3600 Andree

611 3647 748 3721 uectus
766 3646 828 3730 est,
847 3646 907 3719 sed
931 3672 1016 3746 rege
1038 3646 1220 3721 Willelmo
1243 3646 1350 3719 totius
1368 3645 1499 3719 viribus
1518 3645 1686 3720 electioni
1705 3646 1782 3744 ejus
1799 3647 1975 3720 renitente
1994 3643 2071 3719 Hu-

610 3791 741 3865 gonem
760 3766 985 3864 capellanum
1004 3769 1115 3851 suum,
1130 3767 1229 3865 regia
1242 3768 1353 3840 fretus
1365 3766 1551 3865 potestate,
1564 3766 1600 3841 in
1614 3764 1762 3840 ecclelia
1776 3766 1887 3840 lancti
1904 3765 2072 3849 Andreae,

610 3898 648 3958 ut
666 3887 789 3971 voluit,
808 3887 1011 3985 episcopum
1031 3887 1226 3963 consecrari
1244 3888 1341 3961 fecit.
1380 3885 1477 3961 Hinc
1495 3885 1578 3961 inde
1596 3886 1713 3987 gravis
1727 3886 1908 3961 contentio
1927 3897 1964 3961 et
1981 3886 2071 3985 peri·

610 4006 729 4078 culola
747 4004 866 4079 divisio
885 4005 1051 4080 emersit.a

644 4240 658 4264 '¹
672 4243 821 4313 Broupton,
835 4242 886 4297 col.
903 4246 989 4304 1103;
1010 4244 1144 4316 Knygttoa
1157 4261 1217 4314 says
1235 4243 1256 4297 it
1269 4260 1322 4297 was
1336 4261 1408 4314 upon
1420 4243 1468 4297 the
1480 4242 1546 4296 20th
1559 4242 1592 4298 of
1607 4242 1719 4312 Augrrst.
1734 4243 1785 4297 col.
1806 4246 1892 4305 239&
1912 4260 1957 4297 see
1971 4242 2069 4296 Hoved.

608 4324 733 4378 fotam.
852 4325 869 4348 '
885 4327 1050 4397 Conceming
1074 4327 1127 4380 this
1153 4328 1278 4381 Vibienus
1303 4345 1333 4381 or
1358 4327 1484 4380 Vivianus
1512 4326 1680 4389 Thomasius,
1704 4344 1749 4381 see
1780 4329 1923 4389 ciaconius,
1946 4326 1964 4379 i.
1993 4328 2070 4379 1⁰91.

608 4406 749 4479 ‘Richard
757 4409 790 4462 de
805 4409 890 4473 Clare,
905 4411 968 4464 Earl
980 4411 1012 4464 of
1019 4411 1090 4464 Pem'
1102 4411 1174 4464 rohe.
1249 4409 1277 4434 ¹¹
1294 4411 1344 4464 See
1358 4410 1510 4465 Heredsol.
1525 4414 1587 4465 316.
1661 4409 1789 4465 ’Walter
1803 4411 2069 4480 lita-Allangaveto

606 4492 653 4546 the
665 4494 751 4563 abbey
762 4492 794 4546 os
805 4493 919 4547 Melrose
937 4493 997 4547 four
1008 4495 1180 4564 ploughgates
1193 4493 1225 4547 os
1237 4494 1301 4548 land
1312 4504 1340 4548 at
1353 4494 1557 4556 Edmundiston,
1572 4493 1612 4547 sor
1630 4494 1677 4548 the
1693 4495 1763 4564 good
1775 4495 1807 4549 of
1822 4495 1869 4549 the
1887 4494 1946 4549 soul
1958 4493 1990 4548 os
2000 4492 2068 4548 Mal·

608 4576 676 4630 colm
691 4577 737 4630 IV.
771 4578 887 4631 Illoncst.
905 4578 1009 4641 Anatole,
1029 4596 1055 4648 p.
1070 4582 1131 4632 266.
1172 4578 1215 4632 He
1232 4578 1288 4631 also
1306 4596 1372 4648 gave
1386 4579 1458 4632 them
1472 4578 1651 4632 considerable
1663 4579 1829 4649 possessione
1848 4580 1875 4632 in
1894 4579 1940 4633 the
1959 4587 2026 4632 west
2044 4576 2077 4631 os

610 4660 744 4723 Sootland,
759 4679 786 4731 p.
801 4662 862 4723 275,
877 4661 966 4715 where
978 4661 999 4715 it
1011 4662 1033 4714 is
1046 4662 1133 4716 stated
1145 4661 1203 4715 that
1222 4662 1257 4715 he
1268 4662 1376 4715 became
1389 4680 1423 4715 an
1441 4662 1540 4716 inmate
1553 4661 1585 4715 of
1598 4662 1650 4716 this
1669 4674 1828 4734 monastery,
1843 4663 1932 4716 where
1944 4662 1979 4716 he
1998 4662 2067 4716 died.

606 4743 617 4767 ¹
635 4745 801 4816 Conceming
812 4746 859 4799 the
872 4746 1038 4817 uncertainty
1046 4745 1078 4799 of
1082 4746 1159 4799 these
1172 4747 1249 4809 obits‚
1265 4764 1310 4800 see
1322 4748 1405 4809 Karta,
1417 4765 1462 4817 pp.
1478 4750 1521 4809 76,
1534 4750 1582 4807 12;
1596 4746 1643 4799 the
1652 4757 1709 4801 text
1722 4748 1744 4801 is
1754 4747 1899 4817 supported
1907 4749 1943 4818 by
1952 4748 2068 4807 Foedere,

605 4828 622 4880 i.
636 4832 698 4886 47⁵.
809 4831 869 4898 (28)
880 4828 892 4851 ⁸
909 4829 968 4883 The
981 4830 1094 4899 struggle
1104 4830 1192 4884 which
1205 4830 1269 4883 toolr
1282 4830 1357 4901 place
1370 4831 1490 4883 between
1504 4830 1551 4884 the
1560 4847 1605 4884 see
1618 4830 1650 4885 os
1656 4830 1742 4886 Rome
1754 4831 1807 4885 and
1819 4831 1866 4885 the
1875 4830 1937 4901 king
1949 4829 1981 4884 os
1991 4830 2067 4885 Scot-

606 4912 676 4976 land,
691 4912 800 4967 relative
812 4923 843 4968 to
856 4914 908 4969 this
918 4915 1028 4985 subject,
1044 4915 1065 4968 is
1080 4914 1195 4969 detailed
1207 4914 1272 4968 with
1285 4914 1448 4969 minuteness
1460 4916 1496 4986 by
1508 4916 1638 4969 Hooedeu.
