4716 6428
582 720 650 795 mo
928 713 1248 791 onnonroa
1280 714 1355 790 nn
1393 652 1681 788 nnrnnos.
1802 710 1902 787 nn.
1926 717 2033 787 rma.

630 930 725 1003 Gelu
748 952 932 1028 magnum,
956 938 993 1000 et
1018 926 1244 1010 horrendum,
1268 936 1304 1000 et
1322 923 1538 1009 diutumum,
1560 948 1646 998 oves
1666 934 1702 996 et
1727 920 1838 997 boves
1864 935 1900 996 et
1923 946 2037 1022 equos

502 1032 506 1039 ¹
577 1049 744 1124 srlvestres
761 1048 895 1146 ubique
913 1059 1085 1121 terramm
1101 1047 1232 1121 stravit.

628 1170 724 1243 Muri
745 1168 963 1269 Rothomagi
982 1168 1028 1242 ab
1044 1166 1247 1241 hominibus
1265 1166 1359 1266 regis
1378 1165 1529 1239 Francia
1547 1165 1725 1240 solotenus
1743 1162 1904 1262 prostrati
1922 1166 2013 1240 sunt.

630 1288 730 1362 Obiit
749 1287 934 1362 Hubertus
952 1288 1234 1387 archiepiscopus
1256 1287 1475 1361 Canthuarie
1492 1286 1542 1385 iij.
1561 1284 1641 1359 idus
1658 1284 1744 1360 Julii
1765 1283 1854 1385 [Jul.
1878 1284 1978 1385 l3].w

630 1409 731 1483 Obiit
751 1408 927 1482 Radulfus
945 1407 1057 1482 abbas
1075 1408 1120 1481 de
1138 1407 1318 1482 Jodewrth
1336 1407 1395 1506 vij.
1414 1406 1494 1480 idus
1513 1405 1667 1507 Augusti
1689 1404 1804 1506 [Aug.
1823 1404 1878 1505 7].

631 1530 902 1628 Annor1.cc.rj.
932 1528 1107 1627 dompnus
1131 1527 1304 1601 Ricardus
1322 1527 1367 1601 de
1389 1526 1513 1601 Caue¹
1538 1527 1658 1601 faetus
1681 1526 1732 1601 est
1758 1524 1870 1600 abbas
1887 1525 1933 1602 de
1953 1526 2037 1601 Kel-

580 1650 708 1734 chou,*
726 1649 788 1748 iiij.
807 1646 980 1722 kalendas
1001 1647 1133 1747 Aprilis
1155 1647 1266 1747 [Mar.
1285 1647 1366 1746 29}

630 1770 679 1868 iij.
699 1770 777 1843 idus
797 1768 930 1867 Aprilis
951 1767 1057 1867 [Apr.
1081 1767 1157 1866 11],
1175 1767 1260 1841 luna
1277 1768 1361 1852 nin,
1379 1767 1502 1840 audita
1519 1768 1599 1841 sunt
1615 1767 1782 1842 tonitrua.

629 1890 688 1987 vij.
708 1888 879 1963 kalendas
904 1887 993 1986 Maij
1018 1886 1124 1986 [Apr.
1143 1886 1208 1986 25]
1230 1886 1358 1961 cecidit
1381 1887 1440 1960 nix
1466 1887 1501 1960 in
1519 1898 1619 1961 tanta
1642 1889 1842 1986 quantitate
1865 1888 1962 1988 quod
1980 1890 2037 1963 vix

579 2034 651 2082 non
670 2008 870 2082 videntibus
887 2007 988 2107 poffit
1005 2006 1218 2107 persuaderi.

630 2130 676 2228 vj.
696 2130 774 2203 idus
790 2128 879 2228 Maij
903 2126 1010 2227 [Maij
1032 2127 1092 2227 10]
1114 2127 1202 2202 obiit
1218 2126 1420 2202 Willelmus
1436 2125 1619 2213 Blesensrs,
1638 2128 1824 2228 episcopus
1841 2127 2037 2204 Lincolnie.

633 2249 733 2323 Obiit
751 2274 871 2323 eomes
891 2248 1032 2322 Arald.y

633 2369 924 2468 Obiitdompnus
938 2368 1140 2442 Willelmus
1152 2369 1199 2442 ix.
1215 2365 1327 2442 abbas
1345 2368 1390 2441 de
1406 2366 1578 2464 Melros,†
1596 2367 1644 2467 vj.
1658 2367 1739 2442 idus
1757 2367 1854 2444 Junii
1870 2367 1907 2469 [J
1911 2392 1971 2444 un.
1984 2370 2038 2469 8].

633 2489 662 2562 F
665 2490 768 2564 actus
786 2489 836 2562 est
854 2489 1030 2588 dompnus
1050 2488 1225 2563 Patricius
1242 2487 1402 2587 subprior
1420 2487 1465 2562 de
1485 2485 1621 2562 Meiros
1639 2486 1752 2563 abbas
1770 2487 1927 2589 ejusdem
1944 2489 2025 2564 loci.

634 2611 741 2682 Anno
755 2608 914 2706 nnccmij.
934 2607 1023 2681 obiit
1034 2608 1055 2681 J
1058 2608 1217 2683 ohannes
1235 2608 1421 2707 episcopus
1435 2608 1480 2682 de
1496 2606 1679 2693 Aberden‚
1691 2608 1770 2708 post
1782 2633 1890 2708 quem
1903 2608 2041 2684 electus
2097 2633 2143 2688 ror.
2157 2634 2201 2690 27.

583 2728 633 2802 est
653 2727 772 2802 Adam
790 2728 938 2802 clericus
956 2728 1050 2828 regis
1068 2728 1186 2802 dietus
1203 2728 1249 2802 de
1270 2726 1405 2802 Kald'.¹

636 2847 736 2922 Obiit
754 2848 1000 2947 pie‘memorie
1018 2848 1194 2947 dompnus
1214 2848 1389 2923 Patricius
1407 2873 1440 2922 x.
1460 2847 1573 2922 abbas
1591 2849 1637 2923 de
1652 2847 1799 2935 Meiros,
1813 2848 1870 2924 oui
1883 2848 2041 2924 suecelht

586 2968 704 3043 Adam
723 2970 816 3067 prior
834 2968 992 3067 ejusdem
1008 2967 1114 3065 loci.‡

636 3087 840 3163 Florencius
858 3088 996 3162 electus
1016 3087 1256 3189 Glasguienfis
1276 3088 1421 3163 licentia
1439 3088 1584 3188 dompni
1608 3113 1702 3189 pape
1725 3114 1809 3164 eura
1832 3090 1893 3163 sue
1916 3114 2042 3164 renun-

584 3210 700 3283 ciavit.

636 3329 838 3404 Willelmus
852 3330 1037 3429 episcopus
1051 3331 1162 3403 sancti
1176 3329 1320 3405 Andre&
1335 3330 1370 3404 in
1384 3331 1622 3404 transmarinis
1636 3328 1796 3429 partibus
1808 3342 1967 3405 moratus
1979 3328 2042 3403 est.

636 3449 811 3524 Ranulfus
829 3449 874 3523 de
896 3450 1001 3524 Sules
1019 3450 1153 3523 occisus
1171 3449 1275 3523 estin
1294 3450 1400 3523 domo
1419 3475 1441 3523 a
1458 3449 1659 3523 domesticis
1675 3451 1767 3524 suas.

636 3569 832 3643 Combusta
849 3569 900 3645 est
917 3595 1050 3671 magna
1067 3595 1148 3670 pars
1168 3567 1399 3644 Rokelburch
1418 3570 1696 3644 accidentaliter.

636 3689 817 3764 Walterus
835 3690 1041 3788 capellanus
1059 3689 1203 3790 dompni
1223 3692 1317 3790 regis
1335 3691 1473 3765 eleetus
1491 3690 1595 3765 estin
1614 3690 1819 3790 episcopum
1833 3690 2044 3790 Glasguien·

583 3811 667 3891 sem,
685 3835 718 3882 v.
737 3808 817 3883 idus
837 3808 1048 3883 Decembris
1069 3809 1182 3909 [Dec.
1201 3810 1255 3909 9].

635 3929 812 4025 Apparuit
830 3928 979 4028 angelus
997 3929 1139 4003 cuidam
1157 3931 1280 4004 sancto
1294 3931 1478 4015 heremite,
1493 3941 1529 4004 et
1547 3931 1635 4005 dixit
1649 3931 1682 4005 ei
1695 3932 1773 4007 haec
1786 3930 1917 4005 verba:
1941 3928 2044 4004 “Ex-

583 4045 747 4119 citabitur
778 4047 961 4122 Romanus
979 4060 1103 4122 contra
1123 4047 1337 4134 Romanum,
1362 4062 1399 4123 et
1419 4048 1603 4124 Romanus
1630 4049 1793 4125 Romano
1821 4049 2046 4125 substituetur

586 4165 711 4239 Rome.
761 4165 887 4241 Novus
905 4194 991 4268 grex
1010 4171 1146 4269 semper
1164 4170 1210 4243 ad
1228 4170 1414 4243 tumulum.
1463 4169 1722 4245 Allevabuntur
1733 4163 1838 4271 'virge
1856 4168 2045 4269 pastorum,

628 4360 645 4381 '
664 4362 783 4424 Germe,
799 4363 848 4416 col.
866 4367 942 4425 losa,
963 4382 1053 4433 agrees
1065 4365 1131 4418 with
1143 4366 1197 4419 this
1210 4367 1281 4429 date,
1297 4366 1424 4436 although
1442 4367 1552 4420 modern
1565 4367 1721 4421 authorities
1734 4376 1803 4421 state
1815 4367 1875 4421 that
1891 4366 1926 4420 he
1938 4366 1998 4419 died
2010 4383 2046 4420 on

582 4445 629 4500 the
643 4446 709 4498 29th
723 4446 801 4499 June.
947 4446 959 4470 ¹
981 4449 1041 4502 The
1054 4449 1160 4519 reading
1173 4450 1259 4503 ol'the
1275 4450 1335 4503 MS.
1349 4451 1375 4503 in
1389 4451 1479 4519 regard
1492 4461 1519 4504 to
1533 4450 1586 4505 this
1599 4452 1710 4505 nemeis
1724 4450 1853 4513 doubtful,
1868 4452 1916 4505 but
1927 4450 1949 4503 it
1960 4466 2046 4503 seems

583 4529 673 4583 rather
687 4530 760 4583 Cane
772 4529 838 4583 than
854 4531 935 4585 Cane.
976 4532 1007 4585 In
1022 4534 1135 4586 Fordun.
1150 4535 1167 4585 i.
1181 4538 1243 4593 5³20,
1258 4534 1279 4587 it
1292 4535 1313 4586 is
1326 4534 1430 4603 printed
1445 4535 1530 4588 Kane.
1671 4534 1683 4565 ¹
1704 4536 1763 4589 Itis
1777 4533 1913 4589 uncertain
1926 4532 2047 4587 whether

580 4612 633 4666 this
646 4630 700 4667 was
716 4613 825 4675 Harold‚
840 4615 893 4668 earl
906 4614 939 4669 of
948 4616 1104 4677 Caithness;
1124 4635 1247 4688 compare
1262 4620 1375 4681 For-dun,
1390 4618 1407 4671 i.
1421 4622 1474 4671 512
1494 4619 1546 4671 and
1564 4622 1626 4673 516.
1784 4618 1795 4640 ¹
1818 4617 1884 4672 This
1902 4616 2046 4671 individual

580 4714 665 4751 seems
679 4709 708 4752 to
720 4697 789 4751 have
803 4700 871 4751 been
889 4716 906 4751 a
924 4700 1012 4753 native
1031 4700 1063 4753 ol
1077 4718 1149 4755 some
1168 4700 1200 4754 of
1213 4702 1260 4754 the
1279 4702 1367 4771 places
1386 4702 1412 4754 in
1431 4702 1557 4756 Scotland
1576 4701 1671 4755 named
1686 4701 1789 4765 Calder,
1810 4702 1936 4772 probably
1954 4699 1987 4754 of
1998 4700 2046 4754 the

579 4781 668 4851 parish
680 4782 795 4836 situated
808 4782 833 4834 in
849 4782 940 4836 Nairn.
981 4786 1093 4845 Fordan,
1109 4786 1202 4847 1521,
1217 4785 1280 4839 calls
1293 4785 1347 4838 him
1361 4786 1403 4838 De
1419 4786 1512 4847 Camil,
1527 4785 1613 4838 which
1628 4786 1650 4837 is
1665 4785 1734 4839 Crail
1746 4786 1773 4839 in
1788 4785 1852 4839 File.
1987 4790 1999 4814 ⁸
2014 4783 2046 4837 ln

582 4864 629 4918 the
640 4866 749 4935 margin,
764 4875 782 4897 ‘¹
793 4868 873 4920 abhas
886 4867 920 4919 de
935 4866 1067 4921 Kelchou.
1082 4870 1132 4937 rj.”
1272 4871 1287 4933 †
1302 4869 1333 4921 ln
1346 4868 1392 4922 red
1404 4869 1494 4923 letters
1508 4887 1543 4922 on
1553 4870 1601 4924 the
1608 4870 1715 4939 marma,
1742 4878 1760 4902 ‘⁶
1769 4870 1849 4924 abhas
1859 4868 1893 4923 de
1904 4866 2046 4924 Meirose.'’

579 4951 595 5015 1
609 4948 654 5003 On
666 4950 713 5004 the
726 4951 825 5022 margin
838 4951 865 5005 in
878 4951 933 5014 red,
957 4960 974 4983 “
983 4954 1065 5007 abbas
1078 4952 1111 5007 dc
1127 4952 1252 5008 Melrose.
1267 4955 1319 5022 xj.”
