4716 6428
583 706 651 775 134
929 698 1248 774 CHRONICA
1281 698 1357 774 DE
1395 698 1681 775 MAILROS.
1800 700 1899 775 A.D.
1931 707 2038 775 1218.

581 923 775 985 conventus
809 912 889 984 suos
924 910 1150 984 interdictum
1185 908 1352 1008 recepisse
1387 911 1628 1009 cognosceret.
1686 910 1867 1009 Susceptis
1897 912 2043 985 tandem

579 1031 703 1105 litteris
722 1030 893 1104 abbatum
910 1030 1062 1115 suorum,
1080 1028 1246 1103 monachi
1265 1040 1339 1102 tam
1358 1056 1380 1102 a
1398 1029 1595 1103 divinorum
1610 1029 1851 1104 celebratione
1870 1058 1979 1131 quarn
1998 1033 2044 1107 ab

581 1152 724 1225 introitu
743 1151 888 1225 ecclefie
907 1152 1089 1249 aliquanto
1103 1163 1264 1249 ternpore
1279 1149 1509 1235 cessaverunt,
1524 1150 1638 1223 donec
1657 1151 1890 1227 demandato
1910 1154 2044 1228 domini

580 1274 689 1373 legati
705 1298 767 1372 per
784 1298 928 1346 manum
942 1273 1075 1346 domini
1091 1270 1299 1370 W[illelmi]
1321 1271 1475 1370 episcopi
1495 1271 1606 1344 sancti
1628 1270 1771 1344 Andree
1786 1271 2043 1348 absolutionem

581 1406 828 1493 perceperunt,
854 1392 1008 1494 praestito
1030 1393 1126 1491 prius
1139 1393 1344 1491 juramento
1362 1391 1475 1464 standi
1488 1391 1626 1490 judicio
1649 1391 1795 1465 ecclefie
1813 1406 1849 1465 et
1867 1394 2046 1467 mandatis

581 1514 714 1587 domini
732 1540 838 1614 pape,
857 1514 951 1587 salvo
970 1513 1093 1586 ordine
1111 1514 1173 1587 suo
1193 1524 1228 1586 et
1247 1512 1438 1611 privilegiis
1457 1512 1537 1586 suis.

632 1634 772 1708 Eodem
804 1659 897 1707 anno
923 1634 1042 1707 mense
1072 1632 1185 1731 Mario
1217 1633 1320 1707 rediit
1351 1632 1515 1706 dominus
1547 1631 1751 1731 Stephanus
1782 1633 2046 1709 Cantuariensrs

581 1755 864 1855 archiepiscopus
890 1780 912 1827 a
937 1754 1096 1854 generali
1123 1754 1285 1837 concilio,
1313 1765 1349 1826 et
1376 1753 1531 1827 introivit
1556 1754 1593 1826 in
1619 1751 1791 1853 Angliam
1819 1754 1984 1829 omnibus
2010 1757 2045 1828 in

580 1876 734 1950 adventu
752 1875 858 1975 ipsius
871 1886 1042 1973 tanquam
1059 1875 1096 1948 in
1115 1873 1270 1947 adventu
1290 1873 1408 1973 angeli
1426 1875 1662 1973 pacis-patris
1677 1886 1713 1947 et
1730 1874 1878 1974 pastoris
1896 1876 2044 1975 piisimi,

580 1997 832 2082 exultantibus,
852 1997 1032 2070 etiterum
1051 2008 1160 2094 atque
1184 1995 1311 2068 iterum
1327 1994 1574 2092 jubilantibus
1600 2009 1622 2039 “
1642 1994 1854 2069 benedictus
1872 1996 1932 2094 qui
1950 1997 2046 2069 venit

580 2121 776 2193 innomine
796 2119 990 2192 Dominil”

630 2240 771 2313 Eodem
785 2265 891 2324 anne,
910 2238 1112 2312 discedente
1131 2239 1228 2312 dicto
1249 2238 1297 2312 G.
1315 2239 1437 2337 legato
1456 2237 1501 2312 de
1522 2235 1667 2336 Anglin,
1686 2238 1783 2311 venit
1800 2236 1932 2310 ibidem
1953 2236 2045 2310 Pau·

580 2361 698 2434 dulsus
716 2360 898 2459 quondam
916 2359 1064 2432 clericus
1084 2357 1246 2432 Romane
1264 2358 1367 2441 sedis,
1386 2369 1472 2431 tunc
1490 2358 1659 2455 temporis
1676 2357 1818 2456 legatus
1836 2356 2045 2431 constitutus

580 2480 725 2578 Anglie,
744 2492 779 2552 et
798 2479 936 2553 electus
953 2479 989 2551 in
1008 2478 1212 2577 episcopum
1231 2477 1447 2551 Norwichie.

631 2599 781 2672 Electus
804 2598 855 2671 est
879 2599 1042 2671 dominus
1063 2597 1124 2671 W.
1145 2598 1414 2673 archidiaconus
1438 2598 1483 2671 de
1509 2597 1756 2671 Buckincham
1781 2599 1816 2671 in
1840 2597 2044 2697 episcopum

583 2719 839 2793 Wirecestrie.⁰

632 2839 732 2912 Obiit
756 2838 941 2938 episcopus
965 2838 1010 2911 de
1036 2837 1167 2935 Breirm
1193 2839 1250 2911 cui
1276 2837 1433 2912 succeffit
1457 2838 1622 2912 dominus
1649 2838 1844 2939 Gregorius
1871 2838 2044 2911 archidia-

581 2986 691 3036 conus
709 2959 866 3059 ejusdem
886 2958 1121 3058 episcopatus

632 3081 772 3154 Eodem
796 3105 889 3153 anno
908 3079 996 3153 obiit
1016 3078 1113 3153 Otho
1137 3079 1328 3179 imperator
1342 3079 1568 3164 Alemannie‚
1588 3079 1644 3152 cui
1664 3078 1822 3153 successit
1834 3078 2044 3153 Fredericus

581 3203 699 3277 dictus
716 3203 834 3275 infans
855 3201 968 3274 Pulie.

633 3323 733 3396 Obiit
755 3323 863 3397 etiam
881 3347 1002 3396 comes
1022 3321 1243 3421 Burgundie,
1268 3333 1305 3394 et
1322 3322 1457 3395 occisus
1476 3320 1526 3395 est
1548 3320 1671 3394 Simon
1696 3345 1816 3394 comes
1834 3321 1879 3394 de
1903 3319 2045 3394 Monte·

581 3445 704 3527 forti;p
730 3469 882 3543 quorum
901 3443 1019 3517 anime
1037 3443 1260 3542 requiescant
1277 3442 1313 3515 in
1332 3467 1433 3541 pace.

630 3566 680 3663 iij.
694 3589 808 3638 nonas
824 3563 993 3638 Octobris
1010 3562 1112 3662 [Oct.
1125 3561 1164 3662 7]
1181 3562 1269 3637 obiit
1284 3561 1463 3637 Henricus
1477 3561 1589 3636 abbas
1602 3561 1648 3636 de
1662 3560 1839 3646 Kelchou,
1853 3563 1934 3637 loco
1945 3563 2046 3662 cujus

582 3685 737 3760 succeffit
761 3685 937 3783 dompnus
963 3684 1176 3757 Ricardusrr
1199 3684 1294 3783 prior
1318 3683 1476 3781 ejusdem
1500 3682 1640 3766 domus,
1664 3681 1751 3782 xiiij.
1773 3682 1946 3757 kalendas
1969 3682 2045 3757 No-

582 3806 736 3879 nembris
757 3804 859 3904 [Oct.
883 3804 958 3903 19].

632 3925 773 3999 Eodem
797 3951 891 3998 anno
909 3923 1061 4024 profecti
1086 3925 1163 3997 sunt
1182 3924 1228 3997 ad
1247 3924 1441 4024 capitulum
1466 3923 1634 4023 generale
1657 3924 1733 3997 sere
1751 3948 1874 3997 omnes
1895 3921 2044 3996 abbates

585 4043 729 4145 Anglie,
752 4043 896 4129 Wallie‚
921 4057 957 4118 et
980 4043 1113 4129 Scotie,
1138 4045 1184 4117 ad
1208 4045 1417 4118 mandatum
1436 4043 1569 4117 domini
1591 4042 1751 4117 Cistercii
1774 4044 1820 4117 de
1841 4042 1960 4116 arduis
1982 4068 2043 4117 ne-

582 4166 690 4266 gotiis
714 4164 845 4239 ordinis
868 4164 1070 4249 tractaturi3
1098 4189 1215 4264 aquo
1239 4164 1396 4263 capitulo
1420 4163 1573 4238 Romam
1597 4162 1749 4263 profecti
1773 4164 1852 4237 sunt
1880 4163 2044 4237 domiuus

586 4285 745 4359 Cistercii
765 4297 801 4358 et
817 4283 1089 4360 Clareuallensrs
1107 4310 1188 4358 curn
1203 4284 1249 4383 vj.
1268 4284 1346 4359 aliis
1365 4283 1601 4360 coabbatibus
1618 4285 1700 4369 suis,
1714 4284 1759 4359 de
1776 4283 1911 4382 injuriis
1930 4283 2042 4358 ordini

582 4406 687 4480 illatis
715 4432 737 4479 a
764 4405 862 4480 dicto
889 4406 936 4480 G.
967 4405 1135 4480 cardinali
1164 4407 1430 4504 queremoniam
1458 4404 1684 4506 propofituri;
1711 4405 1772 4480 ubi
1798 4405 2044 4507 patrocinante

584 4527 666 4602 Deo
690 4540 726 4601 et
750 4527 907 4625 ejusdem
932 4527 1103 4627 genitrice
1128 4528 1264 4627 semper
1281 4528 1417 4629 virgine
1437 4527 1568 4612 Maria,
1592 4526 1698 4627 ipsius
1715 4527 1846 4601 ordinis
1870 4526 2044 4600 advocata

627 4754 639 4775 ⁰
656 4754 772 4808 William
785 4754 818 4809 de
828 4754 899 4810 Blois
910 4772 963 4809 was
975 4754 1129 4809 nominated
1140 4765 1170 4809 to
1181 4754 1228 4809 thc
1241 4754 1374 4825 birhopric
1386 4754 1420 4808 of
1425 4754 1585 4818 Woroester‚
1600 4754 1666 4808 arth
1679 4752 1758 4815 June,
1775 4756 1852 4807 1218.
1927 4751 1939 4782 ¹³
1954 4752 2044 4807 Simon

579 4837 613 4890 de
628 4837 759 4893 Montfort
771 4857 825 4893 was
839 4839 904 4894 slain
922 4838 1012 4893 besore
1033 4838 1179 4894 Toulouse.
1208 4840 1259 4893 See
1278 4840 1354 4911 ley,
1369 4839 1404 4893 iir.
1419 4842 1480 4903 516,
1495 4839 1558 4897 517.
1698 4836 1723 4869 Ῥ
1738 4837 1769 4891 lu
1782 4835 1829 4891 the
1841 4837 1940 4907 margin
1953 4837 2044 4891 stands

581 4929 598 4953 ‘¹
612 4924 693 4977 abbas
707 4924 767 4978 Kul’
780 4925 851 4994 viij.’'
