4716 6428
453 731 525 801 208
803 722 1121 800 CHRONICA
1152 723 1228 800 DE
1264 720 1551 799 MAILROS.
1672 722 1904 801 A.D.1268.

451 963 518 1013 nus
532 938 719 1014 accederet
730 938 776 1012 ad
790 939 913 1037 ipsum,
925 937 1011 1012 sicut
1023 962 1091 1012 nec
1103 939 1269 1036 sompnus
1283 935 1330 1010 ad
1344 935 1525 1011 Simonem
1538 935 1685 1010 Petrum
1695 936 1907 1013 credebatur

452 1057 625 1133 accidisse.
680 1058 776 1133 Ecce
804 1058 980 1157 predulcis
1006 1059 1224 1158 comparatio
1254 1058 1409 1133 Simonis
1435 1057 1481 1132 ad
1511 1057 1706 1144 Simonem,
1733 1055 1819 1132 dum
1847 1058 1906 1135 hic

451 1179 597 1276 perfistit
614 1181 650 1254 in
668 1180 842 1274 continua
854 1180 1013 1254 oratione
1032 1191 1115 1253 ante
1135 1178 1255 1253 Deum
1272 1177 1416 1279 singulis
1432 1177 1612 1265 nostibus,
1630 1179 1689 1252 ille
1713 1179 1749 1253 in
1761 1179 1905 1256 creber·

451 1299 540 1372 rima
565 1299 809 1374 recordatione
836 1301 1034 1374 sermonum
1061 1299 1136 1374 Dei
1161 1299 1404 1384 omni-noete,
1428 1325 1519 1399 quos
1547 1298 1721 1374 habuerat
1746 1301 1905 1400 sequenti

453 1420 510 1493 die
537 1422 583 1495 ad
608 1421 758 1520 populos
782 1421 964 1519 predicare
991 1419 1202 1495 incredulos.
1259 1420 1404 1495 Sciebat
1431 1421 1525 1493 enirn
1547 1420 1669 1494 Simon
1695 1421 1844 1523 pervigil
1871 1423 1907 1497 in

452 1545 611 1616 oratione
631 1542 737 1615 corde
755 1556 859 1615 tenus
879 1541 1100 1625 Primarium‚
1118 1540 1251 1615 sciebat
1268 1552 1305 1613 et
1324 1540 1532 1615 Psalterium
1550 1552 1586 1615 et
1610 1541 1698 1615 alias
1716 1543 1906 1629 orationeS,

384 1666 394 1684 ‘
452 1691 541 1764 quas
567 1664 701 1739 nottim
727 1661 798 1736 fine
824 1661 1071 1736 intermissione
1098 1686 1179 1735 cum
1206 1660 1389 1735 alacritate
1416 1674 1452 1736 et
1475 1661 1663 1737 devotione
1687 1687 1907 1760 percurrens,

452 1811 523 1860 non
548 1787 730 1859 immemor
753 1783 819 1858 fuit
846 1783 974 1856 amoris
992 1783 1043 1856 sui
1061 1782 1228 1857 creatoris
1249 1794 1286 1855 et
1308 1783 1557 1856 mandatorum
1580 1781 1669 1880 ejus.
1724 1780 1828 1856 Unde
1854 1784 1905 1856 ni·

452 1907 579 1979 mirum
594 1931 637 1979 ex
651 1903 718 1979 hiis
732 1902 942 1978 credebatur
955 1903 1097 2002 placere
1109 1904 1244 1976 summo
1257 1902 1443 1988 conditori,
1454 1903 1636 2003 presertim
1647 1901 1673 1976 si
1686 1928 1806 1978 verum
1817 1916 1904 1989 erat,

452 2029 560 2101 immo
573 2026 658 2125 quia
672 2049 793 2099 verum
807 2035 894 2109 erat,
909 2024 1005 2123 quod
1024 2049 1046 2096 a
1063 2023 1257 2096 secretariis
1270 2023 1340 2097 suis
1353 2022 1578 2098 cubiculariis
1592 2023 1670 2098 aliis
1687 2023 1905 2099 reserabatur

452 2148 497 2221 de
515 2172 572 2231 eo,
590 2146 722 2220 scilicet
738 2143 835 2245 quod
856 2143 952 2219 omni
976 2143 1033 2218 die
1057 2144 1239 2243 nottuque
1258 2144 1401 2218 vestitus
1418 2145 1484 2219 fuit
1508 2144 1640 2237 cilici03
1667 2144 1768 2244 cujus
1784 2145 1904 2246 fruga-

452 2269 532 2342 litas
562 2269 597 2342 in
628 2266 726 2341 victu
756 2275 832 2339 erat
857 2262 1067 2362 parsimonia
1096 2263 1297 2349 laudabilis,
1328 2265 1429 2365 cujus
1460 2264 1613 2339 emistus
1640 2265 1905 2352 comendabilis,

451 2414 523 2462 non
541 2389 636 2462 enim
654 2383 860 2461 ambulabat
886 2384 921 2457 in
947 2384 1086 2484 magnis
1103 2409 1221 2484 neque
1247 2385 1283 2458 in
1309 2384 1529 2460 mirabilibus
1547 2387 1649 2485 super
1667 2387 1715 2472 se,
1733 2385 1794 2463 sed
1818 2388 1906 2463 inter

453 2512 532 2584 suos
555 2507 765 2582 domesticos
788 2516 976 2579 contentus
1002 2516 1078 2578 erat
1103 2505 1237 2580 amictu
1263 2505 1391 2591 roffeti,
1418 2507 1509 2580 inter
1535 2506 1689 2606 majores
1712 2519 1803 2583 terre
1829 2535 1906 2583 raro
2030 2534 2032 2539 ’

452 2627 602 2713 scarleti,
628 2629 832 2726 frequenter
856 2651 939 2700 vero
963 2623 1096 2698 bloueti
1120 2626 1175 2699 vel
1202 2626 1341 2700 burneti
1368 2627 1600 2702 amiciebatur
1625 2626 1845 2714 indumento,
1870 2643 1908 2703 ut

452 2751 568 2824 minus
585 2749 676 2822 forte
695 2746 893 2845 suspettum
917 2745 1106 2823 haberetur
1124 2743 1277 2820 cilicium
1302 2747 1419 2821 subter
1443 2747 1617 2833 indutum,
1636 2746 1687 2845 ,de
1705 2774 1777 2847 quo
1795 2752 1906 2824 sermo

452 2868 593 2944 fortasse
611 2868 756 2952 exierat,
774 2878 878 2967 prout
901 2866 973 2966 ipse
991 2865 1182 2952 dubitarat,
1201 2868 1292 2941 inter
1315 2867 1488 2943 homines.
1542 2867 1674 2943 Rursus
1692 2867 1737 2943 de
1760 2870 1905 2970 frugali-

452 3003 526 3065 tate
545 2989 622 3089 ejus
639 3013 758 3087 parca,
773 2999 809 3060 et
826 2986 973 3086 proinde
990 2986 1174 3073 laudabili,
1188 2988 1278 3063 inter
1296 2988 1436 3063 divitias
1450 2988 1696 3063 habundantes
1710 3001 1746 3063 et
1759 2987 1906 3065 delicias

453 3113 650 3194 affluentes,
668 3109 753 3209 quid
772 3108 900 3193 dicam,
918 3106 980 3181 nisr
998 3109 1095 3207 quod
1113 3109 1299 3209 frugalitas
1317 3106 1394 3208 ejus
1411 3108 1520 3184 habet
1539 3110 1734 3209 comparari
1752 3110 1906 3186 Simonis

455 3231 549 3305 Petri
574 3231 797 3330 pauperrimo
815 3228 984 3304 vittuali?
1034 3229 1107 3303 Sed
1131 3241 1167 3304 et
1193 3229 1439 3304 indumentum
1461 3231 1538 3330 ejus
1556 3231 1831 3330 ejusdemPetri
1853 3233 1906 3306 Si·

452 3353 565 3427 monis
584 3351 691 3424 debet
704 3349 901 3449 comparari
919 3349 1125 3423 indumento
1139 3351 1300 3449 pauperi,
1315 3350 1416 3449 cujus
1430 3351 1585 3427 victuale
1604 3364 1680 3427 erat
1697 3353 1790 3427 solus
1807 3353 1908 3452 panis

453 3499 534 3548 cum
551 3472 664 3556 olivis,
682 3471 743 3571 qni
762 3471 870 3545 etiam
893 3495 971 3544 raro
990 3471 1026 3543 in
1045 3472 1107 3545 usu
1131 3496 1261 3570 panem
1285 3469 1442 3545 habebat
1461 3497 1542 3546 cum
1561 3472 1726 3548 oleribus.
1783 3474 1854 3549 Sed
1872 3487 1909 3548 et

453 3593 697 3667 indumentum
715 3590 819 3690 ipsius
835 3591 930 3665 Petri
949 3602 1025 3665 erat
1042 3591 1115 3664 sola
1133 3591 1254 3665 tunica
1271 3617 1353 3665 cum
1371 3591 1490 3692 pallia,
1509 3617 1580 3692 que
1599 3591 1671 3667 duo
1689 3594 1907 3670 sufficiebant

452 3713 526 3798 fibi,
545 3725 583 3787 ut
602 3713 674 3811 ipse
693 3710 823 3787 aiebat.
877 3710 935 3786 De
947 3710 1020 3785 biis
1037 3710 1143 3786 rebus
1163 3711 1258 3786 Petri
1281 3710 1433 3785 habetur
1450 3711 1540 3786 libro
1558 3714 1689 3788 ottavo
1708 3714 1907 3815 supraditte

453 3834 617 3932 hystorie,
635 3833 729 3905 circa
746 3830 956 3930 principium
979 3829 1069 3905 libri.
1122 3831 1318 3908 Videamus
1343 3831 1459 3906 adhuc
1483 3834 1598 3932 qualis
1622 3835 1809 3935 frugalitas
1833 3849 1907 3910 erat

453 3956 488 4026 in
516 3953 660 4027 Simone
686 3952 807 4025 milite.
863 3950 910 4024 Et
936 3951 1116 4026 sciendum
1142 3951 1239 4052 quod
1264 3953 1452 4053 frugalitas
1475 3954 1556 4029 talis
1582 3956 1634 4029 est
1658 3968 1783 4030 nature
1809 3956 1905 4055 quod

453 4097 570 4172 neque
595 4072 682 4145 citra
708 4097 824 4171 neque
843 4071 934 4145 ultra
959 4073 1045 4146 solet
1069 4071 1187 4146 cibum
1214 4085 1276 4146 aut
1302 4084 1426 4173 potum
1452 4074 1646 4174 percipere,
1664 4074 1724 4149 sed
1749 4076 1905 4149 medium

314 4209 320 4221 '
453 4189 632 4266 interduo
650 4193 785 4290 semper
803 4204 915 4276 tenet,
930 4191 1060 4265 scilicet
1079 4191 1169 4266 inter
1186 4218 1357 4293 magnum
1370 4205 1406 4267 et
1424 4194 1614 4269 modicum.
1657 4195 1779 4268 Simon
1798 4195 1905 4295 igitur

454 4313 538 4413 quia
552 4312 644 4385 ultra
656 4313 859 4406 mensuram
872 4311 971 4385 solite
989 4311 1203 4411 frugalitatis
1216 4339 1287 4387 non
1301 4313 1420 4387 cibum
1437 4340 1508 4389 non
1526 4302 1814 4417 potum'sumpsit
1832 4341 1904 4390 me·

452 4435 518 4508 rito
546 4432 654 4507 habet
685 4431 753 4505 dici
784 4431 943 4533 frugalis,
974 4430 1071 4530 quod
1097 4432 1234 4507 elicitur
1260 4432 1305 4508 de
1332 4436 1439 4509 modo
1471 4436 1548 4535 ejus
1574 4436 1742 4536 quoniam
1770 4438 1905 4537 semper

453 4553 597 4629 surrexit
615 4578 685 4627 uno
703 4552 822 4638 modo,
836 4578 880 4658 ex
898 4578 970 4652 quo
984 4552 1129 4652 arripuit
1146 4556 1292 4629 modum
1305 4556 1487 4656 vigilandi,
1501 4557 1695 4633 ut'dittum
1713 4557 1781 4644 esl;
1802 4556 1904 4657 siqui·

453 4677 534 4751 dem
561 4700 632 4748 non
651 4673 696 4748 fic
715 4676 936 4749 surrexerunt
959 4673 1017 4748 alii
1036 4675 1097 4773 qui
1115 4676 1232 4749 secum
1257 4676 1491 4763 dormiebant,
1509 4689 1622 4752 totam
1648 4676 1904 4779 propemodum

452 4798 596 4871 noctem
613 4795 839 4880 dormientes
858 4795 917 4870 sed
935 4795 1061 4896 digesti
1080 4795 1300 4870 surrexerunt
1317 4796 1452 4897 impleti
1471 4797 1667 4896 repletione
1685 4798 1905 4873 dormitionis

452 4918 533 4992 satis
551 4915 705 5001 abunde,
723 4915 838 5016 qualis
856 4915 1003 5015 repletio
1020 4914 1127 4990 modo
1149 4916 1303 4991 Simonis
1320 4942 1391 4992 non
1409 4916 1522 4993 defuit
1543 4918 1692 4994 Simoni.
1739 4917 1903 5018 Repletio
