4716 6428
310 712 410 788 Α.Ι).
436 719 542 787 1218.
666 713 986 789 CHRONICA
1021 716 1096 791 DE
1135 716 1427 793 MAILIIOS.
1703 732 1770 798 135

306 947 343 1007 et
366 949 517 1034 patrona
539 937 692 1036 propria,
711 949 835 1010 contra
860 937 1080 1036 sepodIttum
1101 938 1148 1012 G.
1168 938 1386 1012 cardinalem
1405 940 1450 1012 ad
1474 940 1611 1014 libitum
1632 944 1770 1041 optinu-

305 1068 419 1129 erunt.
476 1057 621 1157 Insuper
639 1069 675 1131 et
692 1057 820 1132 eadem
838 1058 915 1132 vice
933 1058 979 1131 ad
1003 1058 1174 1132 honorem
1194 1058 1265 1133 Dei
1285 1070 1321 1133 et
1339 1059 1483 1144 ordinis,
1502 1072 1538 1133 et
1562 1062 1597 1134 in
1615 1061 1770 1135 testimo·

307 1177 404 1251 nium
435 1178 648 1253 confufionis
678 1178 783 1278 ipsius
815 1178 863 1252 G.
896 1179 1095 1264 cardinalis
1127 1180 1199 1279 ipse
1231 1180 1406 1280 dompnus
1440 1178 1629 1255 Conradus
1659 1181 1771 1255 abbas

309 1296 470 1373 Cisteroii
494 1326 516 1371 a
538 1300 674 1372 summo
696 1300 865 1398 pontifice
883 1300 1021 1375 eledtus
1040 1299 1091 1373 est
1109 1311 1144 1372 et
1164 1302 1388 1375 consecratus
1407 1301 1442 1373 in
1461 1302 1664 1401 episcopum
1686 1302 1771 1375 Por·

306 1420 477 1503 tuensem,
503 1432 538 1493 et
559 1421 680 1494 fastus
703 1420 754 1493 est
775 1421 883 1493 etianr
904 1421 978 1519 ipse
996 1421 1196 1495 cardinalis.
1252 1421 1322 1494 Cui
1351 1421 1507 1495 sucoellit
1535 1424 1570 1494 in
1602 1422 1770 1497 abbatem

309 1538 468 1613 Cistercii
488 1540 652 1616 dominus
672 1540 885 1614 Gaucherus
903 1540 1016 1614 abhas
1034 1542 1080 1614 de
1101 1541 1231 1641 Longo
1249 1552 1370 1640 ponte.

359 1658 516 1735 Prosedti
542 1662 621 1734 sunt
645 1662 690 1735 de
718 1661 840 1734 Scotia
865 1660 909 1733 ad
935 1660 1053 1735 sedem
1078 1662 1319 1760 apostolicam,
1345 1661 1574 1737 absolutionis
1600 1665 1660 1737 sue
1685 1690 1770 1763 que-

307 1779 415 1853 rende
428 1782 556 1879 gratia,
571 1782 725 1881 episcopi
740 1781 923 1855 Walterus
937 1780 1101 1855 videlieet
1114 1780 1364 1866 Glaseuienfis,
1385 1780 1523 1856 Bricius
1537 1782 1770 1867 Morauensis,

306 1912 342 1973 et
361 1899 481 1974 Adam
503 1900 752 1987 Catanensis3‘1
777 1915 812 1975 et
831 1927 925 1975 anno
944 1902 1104 2000 sequenti
1124 1902 1314 1976 redierunt.

357 2021 466 2094 Anno
485 2022 617 2096 domini
636 2023 806 2097 uaaxix.
824 2022 912 2096 obiit
932 2021 1092 2096 Thomas
1111 2021 1156 2095 de
1177 2022 1379 2096 Colleuilla.

358 2140 458 2214 Obiit
476 2141 677 2215 Willelmus
695 2142 741 2215 de
756 2142 918 2216 Valoniis
936 2142 1032 2241 apud
1053 2142 1227 2227 Kelchou,
1242 2142 1344 2241 cujus
1362 2168 1502 2242 corpus,
1521 2144 1629 2216 etiam
1647 2157 1770 2217 eontra

305 2260 569 2360 beneplacitum
594 2263 849 2337 monachorum
874 2262 1031 2361 ejusdem
1056 2264 1193 2346 domus,
1218 2261 1315 2361 apud
1334 2260 1470 2337 Melros
1493 2262 1688 2337 dedastum
1708 2264 1770 2348 etl,

303 2392 340 2454 et
358 2380 492 2456 ibidem
512 2383 702 2457 honorilice
716 2384 891 2483 sepultum
911 2384 946 2455 in
960 2383 1116 2481 capitulo
1134 2382 1401 2467 monachorum,
1415 2384 1521 2479 juxta
1533 2382 1771 2483 sepu[l]erum

304 2503 495 2599 patrissui.

356 2602 456 2698 Obiit
477 2624 524 2697 G.
548 2623 714 2708 Auenel,r
731 2624 833 2722 eujus
851 2649 979 2723 eorpus
996 2624 1033 2697 in
1051 2623 1178 2698 eodem
1198 2623 1355 2722 capitulo
1374 2623 1550 2722 sepelitur.

357 2742 396 2816 ln
414 2744 586 2817 kalendas
604 2744 702 2818 Junii
724 2743 823 2842 [Jun.
849 2744 883 2843 l]
905 2744 992 2817 obiit
1011 2744 1187 2843 dompnus
1208 2742 1384 2816 Radulsus
1402 2742 1515 2817 abbas
1534 2743 1579 2816 de
1598 2742 1770 2828 Illelros,“
1795 2739 1802 2747 ’

304 2864 361 2936 cui
385 2864 542 2938 succelllt
570 2865 605 2937 in
632 2890 717 2938 eura
735 2865 916 2963 regiminis
934 2864 1111 2964 dompnus
1137 2863 1256 2937 Adam
1281 2862 1393 2937 abbas
1418 2862 1462 2937 de
1482 2862 1677 2948 Neubotle,
1697 2864 1768 2963 viij.

305 2983 383 3057 idus
399 2983 552 3084 Augusti
574 2984 690 3085 [Aug.
703 2984 763 3084 si];
787 3010 849 3083 pro
868 3011 940 3084 quo
959 2985 1067 3059 etiam
1085 2983 1296 3083 subrogatur
1315 2984 1491 3082 dompnus
1508 2981 1682 3057 Ilicardus
1696 3008 1770 3057 rna-

303 3103 410 3201 gister
428 3106 674 3179 conversorum
693 3104 738 3179 de
757 3103 954 3179 Neubotle.

354 3222 465 3322 Apud
486 3224 674 3325 Pipewelle
693 3227 782 3300 obiit
806 3226 981 3325 dompnus
1000 3223 1178 3298 Henricus
1202 3223 1315 3297 abbas
1339 3223 1384 3297 de
1409 3222 1517 3297 Novo
1537 3223 1769 3305 Monasterio,

302 3344 360 3418 cui
378 3344 534 3419 succeffir
552 3346 728 3446 dompnus
749 3346 927 3421 Robertus
945 3345 1111 3445 magister
1130 3344 1377 3419 conversorum
1395 3342 1553 3441 ejusdem
1571 3344 1710 3416 domus.

355 3464 492 3539 Civitas
504 3466 565 3539 illa
577 3466 799 3541 famofiffima
813 3492 1047 3567 paganorum,
1062 3490 1133 3564 que
1150 3463 1320 3538 Damieta
1334 3463 1473 3548 dieitur,
1493 3461 1680 3561 postquam
1693 3463 1769 3535 sere

302 3610 365 3683 per
387 3586 576 3660 triennium
595 3586 641 3660 ab
660 3588 817 3661 exercitu
839 3586 1118 3661 Christianorum
1136 3583 1364 3668 obsrderetur,
1383 3610 1406 3655 a
1422 3583 1495 3656 solo
1517 3582 1656 3655 Christo
1675 3584 1769 3681 eapi-

303 3716 371 3790 tur,
390 3717 427 3779 et
447 3705 665 3783 Christicolis
692 3734 774 3782 eum
795 3733 927 3809 magmo
948 3705 1120 3781 miraculo
1139 3704 1344 3805 poffidenda
1367 3704 1530 3777 tribuitur
1554 3728 1668 3777 nonas
1692 3702 1769 3777 No-

303 3824 457 3900 uembris
473 3824 586 3925 [Nov.
598 3827 653 3927 5]‚
672 3827 759 3902 sicut
776 3830 811 3903 in
831 3830 944 3928 prImo
962 3828 1048 3901 folio
1062 3825 1250 3901 voluminis
1267 3824 1374 3923 hujus
1392 3824 1530 3923 plenius
1544 3824 1768 3897 continetur*

436 4067 640 4153 Quaarraa
658 4093 778 4143 carra
797 4094 867 4144 asr
888 4070 1112 4152 Dnmrarn,⁸⁸
1130 4090 1233 4141 nuno
1252 4089 1392 4139 onnam
1412 4064 1631 4137 ar⁰.ee⁰.rrix⁰.

354 4198 376 4230 ‘⁸
397 4185 441 4259 L.
461 4188 552 4261 tituli
571 4189 693 4263 sanbto
717 4192 830 4263 crucis
847 4192 882 4264 in
905 4189 1094 4264 Ierusalem
1119 4187 1313 4262 reverendo
1333 4184 1515 4269 cardinali,
1542 4183 1604 4257 H}
1627 4184 1768 4258 humilis

303 4306 469 4406 magister
487 4307 614 4382 domus
631 4310 911 4385 Teutonicorum
929 4312 964 4384 in
981 4309 1184 4393 Ierusalem,
1203 4308 1364 4381 salutem.
1421 4305 1642 4379 Sinceritatis
1656 4304 1768 4379 vestre

349 4489 361 4519 '¹
378 4490 429 4541 See
443 4490 557 4553 Fordua,
572 4492 598 4543 ii.
613 4496 657 4545 4⁴2.
766 4493 858 4547 ‘This
872 4511 925 4547 was
938 4492 1065 4563 probably
1080 4493 1182 4546 Gerros
1198 4490 1309 4544 hrenel.
1344 4490 1394 4543 See
1408 4490 1641 4550 rlsoaortffhraolr,
1656 4506 1682 4557 p.
1698 4492 1767 4549 2743

302 4590 426 4642 compare
437 4574 550 4638 Fordau,
560 4575 586 4627 ii.
596 4580 640 4629 43.
715 4576 735 4599 '¹
751 4577 849 4631 (lnthe
860 4578 966 4647 margin,
977 4577 1004 4630 in
1013 4577 1060 4631 red
1068 4576 1168 4639 letters,
1185 4584 1203 4607 ⁸·
1213 4594 1257 4628 xv.
1266 4575 1347 4629 abbas
1355 4573 1388 4627 de
1399 4573 1524 4628 Illelros.”
1597 4572 1606 4595 ⁸
1622 4572 1646 4625 It
1657 4590 1768 4641 appears

302 4655 368 4711 liam
380 4658 434 4710 this
446 4676 556 4729 passage
568 4660 627 4713 that
640 4660 686 4713 the
699 4660 762 4714 lolio
774 4680 836 4716 now
843 4662 950 4715 marked
960 4666 993 4719 37
1007 4660 1141 4731 originally
1148 4660 1227 4715 stood
1238 4660 1295 4712 first
1306 4660 1333 4712 in
1340 4658 1388 4711 the
1400 4658 1460 4711 ars.
1488 4656 1513 4710 It
1523 4656 1571 4709 has
1579 4658 1646 4709 been
1654 4656 1768 4727 thought

301 4742 388 4794 better
406 4751 435 4796 to
447 4742 529 4795 insert
547 4742 595 4797 the
607 4744 738 4797 narratire
751 4745 783 4798 os
796 4746 843 4799 the
855 4758 964 4817 capture
976 4745 1009 4800 os
1023 4744 1158 4798 Damietta
1176 4744 1248 4805 here,
1268 4743 1334 4797 than
1353 4752 1381 4795 to
1394 4742 1469 4813 place
1481 4742 1502 4793 it
1514 4738 1690 4809 immediately
1702 4740 1769 4793 aller

302 4824 349 4877 the
361 4826 530 4880 termination
543 4827 575 4879 os
581 4825 627 4880 sol.
642 4833 685 4891 36,
701 4828 790 4882 where
802 4830 823 4882 it
835 4830 924 4883 would
936 4830 1065 4900 interrupt
1077 4828 1124 4882 the
1136 4828 1298 4897 chronology
1310 4826 1363 4881 aad
1375 4826 1421 4880 the
1433 4842 1519 4879 sense.
1630 4822 1651 4846 ¹⁸
1662 4824 1713 4877 Set·
1720 4825 1768 4877 the

302 4922 417 4963 account
428 4910 505 4979 giren
518 4912 553 4981 by
568 4910 705 4965 Prosessor
721 4912 836 4973 Willren,
850 4914 876 4967 in
890 4914 930 4967 his
944 4914 1085 4967 admirable
1099 4914 1244 4967 Gerolu'elrte
1255 4914 1301 4965 der
1315 4910 1469 4979 Ir'reuzziige,
1484 4910 1519 4961 ri.
1533 4912 1594 4961 240.
1624 4908 1650 4961 h
1662 4909 1768 4963 carious

304 4992 446 5063 unprinted
464 4994 550 5057 letter,
572 4996 676 5049 written
698 4998 779 5066 hyan
798 4998 976 5067 eye-witness,
999 4998 1021 5050 is
1041 4996 1182 5067 preserved
1202 4997 1229 5049 in
1251 4994 1298 5049 the
1316 4996 1422 5065 Baraey
1435 4994 1500 5046 MS.
1518 4992 1571 5045 No,
1585 4996 1646 5055 351,
1661 5010 1688 5063 p.
1703 4998 1763 5047 240.

304 5078 312 5107 ‘
331 5076 448 5131 Hormou
460 5078 494 5131 de
509 5079 585 5133 Salaa
596 5098 650 5135 war
663 5082 745 5151 grand
757 5092 853 5137 master
866 5082 898 5136 os
905 5082 951 5137 the
966 5082 1098 5137 Teutonic
1110 5081 1195 5135 order.
1236 5080 1326 5143 L'rsrt,
1341 5080 1394 5133 xri.
1407 5082 1469 5141 47³,
1484 5077 1526 5132 ed.
1540 5082 1602 5131 ero.
