4716 6428
621 704 688 778 168
944 694 1261 805 cunonlon
1295 693 1371 770 DE
1404 690 1692 768 MAILROS.
1845 693 2074 772 A.D.1a45.

623 912 833 1014 quibusdam
851 911 928 985 aliis
946 908 1143 1008 optinebat,
1157 908 1244 982 locis
1262 907 1385 1006 paucis
1399 907 1556 1005 exceptis
1570 931 1745 1005 occupare
1763 932 1834 980 non
1851 920 2026 996 metuens,
2041 922 2076 986 et

623 1061 685 1110 eas
704 1034 820 1107 adhuc
838 1031 975 1105 detinet
992 1039 1198 1128 occupatas.
1251 1025 1301 1100 Et
1318 1038 1491 1125 tanquam
1518 1027 1551 1100 ei
1569 1051 1642 1100 non
1660 1027 1833 1101 sufficeret
1851 1029 1948 1128 quod
1965 1032 2076 1106 mani·

623 1155 711 1229 feste
729 1163 852 1226 contra
866 1151 1069 1250 juramenta
1086 1148 1172 1254 talia
1188 1146 1365 1232 veniebat,
1383 1147 1498 1245 perse
1516 1146 1573 1220 vel
1591 1171 1653 1246 per
1670 1148 1750 1221 suos
1768 1148 1937 1224 officiales
1955 1176 2075 1226 earum

624 1273 868 1374 possessionum
898 1270 1060 1344 homines
1088 1267 1247 1365 dejerare
1275 1265 1457 1365 compulit,
1486 1267 1577 1366 ipsos
1604 1292 1626 1339 a
1648 1267 1859 1365 juramentis
1886 1269 2077 1357 fidelitatis,

624 1394 753 1493 quibus
773 1391 935 1466 Romane
961 1388 1174 1462 tenebantur
1200 1384 1356 1471 ecclesie,
1375 1385 1420 1460 de
1443 1386 1554 1471 sasso,
1579 1411 1661 1460 cum
1684 1386 1729 1461 de
1750 1388 1831 1486 jure
1857 1414 1928 1464 non
1954 1391 2077 1491 posset,

624 1514 825 1597 absolvens;
852 1525 888 1584 et
905 1510 1040 1584 faciens
1059 1506 1200 1582 eosdem
1218 1504 1427 1580 fidelitatem
1444 1505 1671 1580 nihilominus
1685 1506 1848 1606 abjurare
1867 1510 2077 1610 predictam,

592 1726 594 1730 μ
624 1634 758 1732 sibique
776 1632 954 1706 fidelitatis
972 1626 1171 1727 hujusmodi
1193 1627 1397 1725 juramenta
1414 1624 1589 1724 praestare.
1644 1626 1749 1702 Pacis
1766 1654 1860 1706 vem,
1875 1631 1993 1729 ipsum,
2004 1634 2077 1706 vio·

624 1756 772 1828 latorem
791 1752 937 1827 existere
956 1749 1060 1849 plene
1079 1747 1232 1831 constat;
1258 1746 1344 1845 quia
1361 1771 1443 1820 cum
1461 1746 1545 1819 olim
1564 1758 1724 1846 tempore
1742 1749 1840 1848 pacis
1857 1750 1948 1825 inter
1966 1753 2076 1851 ipsum

625 1889 661 1949 et
679 1872 862 1949 ecclesiam
879 1872 1068 1946 reformate
1087 1865 1233 1967 jurasset
1251 1891 1371 1940 coram
1388 1866 1481 1940 bone
1503 1868 1673 1941 memorie
1691 1868 1726 1942 J.
1746 1869 1791 1944 de
1810 1870 1964 1946 Abbatis
1981 1874 2077 1961 uilla,

625 1996 789 2095 episcopo
812 1989 1007 2074 Sabinensr,
1025 2002 1062 2063 et
1082 1987 1249 2087 magistro
1270 1986 1461 2060 Thomasio
1479 1986 1572 2059 tituli
1591 1989 1712 2062 sandte
1735 1988 1868 2065 Sabine
1886 1993 2076 2091 presbitero

625 2113 808 2197 cardinali,
835 2109 1065 2211 praesentibus
1092 2107 1211 2181 multis
1241 2107 1408 2206 prelatis
1436 2107 1664 2206 principibus,
1691 2121 1727 2183 et
1751 2109 1953 2198 baronibus,
1980 2116 2076 2213 quod

624 2237 731 2309 staret
761 2246 796 2306 et
823 2242 963 2332 pareret
990 2228 1132 2328 praecise
1159 2227 1293 2326 absque
1318 2228 1391 2300 ulla
1417 2225 1682 2302 contradicione
1709 2231 1873 2307 omnibus
1900 2236 2076 2311 mandatis

625 2353 770 2430 ecclesie
796 2353 897 2451 super
921 2350 975 2423 his
998 2374 1061 2448 pro
1085 2347 1214 2446 quibus
1240 2359 1317 2421 erat
1342 2347 1482 2421 vinculo
1506 2349 1881 2427 excommunicationis
1904 2354 2076 2442 astristus,

626 2475 737 2550 causis
754 2472 912 2572 ejusdem
930 2467 1304 2544 excommunicationis
1322 2466 1485 2566 expressis
1508 2493 1570 2567 per
1596 2469 1755 2544 ordinem
1773 2497 1892 2547 coram
1909 2499 1971 2560 eo;
1993 2487 2079 2552 tunc

627 2595 790 2670 omnibus
810 2590 988 2665 Teutonie
1005 2587 1220 2671 hominibus,
1246 2587 1345 2686 regni
1367 2586 1521 2673 Scicilie,
1545 2614 1588 2662 ac
1606 2588 1818 2688 quibussibet
1835 2593 1923 2679 aliis,
1941 2597 2003 2695 qui
2021 2622 2078 2671 ec·

627 2716 728 2790 clesie
747 2725 870 2787 contra
891 2710 1004 2808 ipsum
1027 2707 1247 2792 adheserant,
1267 2731 1409 2782 omnem
1435 2709 1616 2783 remittens
1634 2709 1803 2784 offensam
1820 2724 1856 2786 et
1881 2738 2023 2812 penam,
2041 2730 2078 2791 et

627 2834 724 2935 quod
741 2833 838 2907 nullo
856 2842 1015 2929 tempore
1039 2828 1235 2903 offenderet
1251 2827 1307 2902 vel
1325 2828 1456 2902 offendi
1474 2830 1609 2903 faceret
1635 2829 1739 2928 ipsos,
1763 2856 1826 2930 pro
1845 2858 1888 2907 eo
1906 2836 2003 2933 quod
2021 2863 2078 2912 ec·

627 2954 728 3029 clefie
746 2953 937 3027 affisterant
954 2949 1108 3050 praestari
1126 2948 1294 3022 inanima
1312 2948 1373 3022 sua
1392 2974 1454 3048 per
1469 2946 1518 3021 N.
1534 2949 1704 3023 comitem
1719 2948 1925 3028 Atterarum
1941 2956 2077 3032 faciens

623 3079 880 3176 juramentum3
918 3070 1131 3170 postremum
1162 3094 1287 3167 pacem
1306 3080 1355 3142 .et
1378 3069 1581 3167 juramenta
1608 3068 1819 3167 hujusmodi,
1849 3098 2078 3175 nequaquam

627 3196 836 3270 erubescens
854 3191 977 3266 irretiri
996 3189 1166 3289 perjuriis
1185 3214 1256 3262 non
1274 3189 1434 3263 servavit.
1475 3187 1678 3264 Nonnullos
1696 3191 1791 3265 enim
1809 3219 1852 3267 ex
1870 3195 1949 3294 ipfis
1967 3196 2077 3272 homi·

627 3317 730 3391 nibus
743 3328 817 3388 tam
831 3311 968 3386 nobiles
981 3335 1090 3409 quam
1104 3309 1192 3382 alios
1205 3309 1285 3407 capi
1303 3309 1401 3391 fecit,
1420 3319 1457 3382 et
1470 3308 1521 3383 eis
1535 3308 1637 3383 bonis
1655 3311 1724 3385 suis
1742 3313 1905 3389 omnibus
1922 3317 2078 3415 spoliatis

628 3461 755 3511 uxores
772 3459 895 3508 eorum
913 3443 949 3507 et
974 3431 1064 3504 filios
1090 3428 1271 3527 captivari,
1289 3441 1326 3501 et
1351 3439 1462 3502 terras
1488 3428 1646 3513 ecclesie,
1672 3442 1796 3505 contra
1822 3435 2078 3532 promissionem

627 3582 735 3656 quam
753 3555 884 3628 eisdem
897 3551 932 3625 J.
949 3547 1132 3624 Sabinenfi
1149 3547 1326 3646 episcopo,
1340 3559 1376 3621 et
1392 3546 1582 3621 Thomasro
1601 3549 1770 3624 cardinali
1788 3552 1934 3640 iecerat,
1953 3555 2078 3659 irreve-

627 3689 743 3751 renter
756 3672 895 3756 invasit3
912 3671 1128 3744 licettamen
1142 3665 1204 3765 ipsi
1218 3670 1359 3740 extunc
1376 3665 1412 3739 in
1426 3690 1508 3739 eum
1520 3668 1739 3766 presentem,
1758 3669 1919 3748 ficontra
1933 3679 2077 3764 veniret,
2192 3700 2196 3708 ·

628 3789 1000 3869 excommunicationis
1018 3786 1232 3862 sentenciam
1249 3786 1520 3885 promulgarint3
1539 3798 1674 3861 etcum
1692 3789 1787 3863 idem
1804 3790 1866 3864 fibi
1884 3796 2077 3893 apostolica

629 3915 841 3990 austeritate
858 3906 1088 3992 mandassent,
1107 3919 1145 3979 ut
1162 3930 1230 3980 nee
1247 3931 1309 4004 per
1326 3907 1362 3979 se
1380 3932 1448 3980 nec
1465 3932 1528 4005 per
1546 3907 1655 3981 alium
1672 3908 1871 4008 impediret,
1890 3915 1985 4012 quin,
2000 3918 2077 4014 pos-

628 4035 830 4115 tulationes,
849 4028 1044 4102 electiones
1061 4038 1098 4102 et
1116 4026 1406 4101 confirmaciones
1424 4026 1649 4101 ecclesiarum
1668 4039 1703 4102 et
1729 4031 2016 4109 monasteriorum
2039 4033 2086 4110 in'

630 4179 740 4254 regno
767 4149 915 4250 praefato
932 4146 1042 4221 libere
1064 4147 1109 4221 de
1136 4157 1254 4221 cetero
1274 4146 1410 4232 fierent,
1438 4147 1631 4220 secundum
1643 4147 1780 4224 statuta
1805 4154 1944 4234 concilii
1968 4181 2078 4256 gene·

629 4274 726 4357 ralis;
751 4283 787 4346 et
804 4268 902 4370 quod
919 4267 1036 4341 nullus
1052 4266 1219 4364 deinceps
1236 4266 1272 4339 in
1291 4266 1418 4340 eodem
1445 4292 1555 4367 regno
1573 4267 1654 4342 viris
1672 4270 1912 4348 ecclesrasticis
1930 4275 2077 4352 civiliter

628 4393 830 4475 haberetur,
857 4415 900 4462 ac
915 4385 1140 4485 Templariis,
1155 4383 1413 4483 Hospitalariis,
1432 4399 1468 4461 et
1486 4387 1562 4461 aliis
1579 4390 1736 4487 personis
1759 4392 2011 4480 ecclesiasticis,
2030 4396 2075 4471 de

628 4513 767 4587 damnis
784 4523 820 4585 et
838 4508 972 4608 injuriis
989 4506 1151 4606 irrogatis
1168 4505 1299 4579 eisdem
1316 4507 1531 4580 satisfaceret
1549 4520 1808 4608 competentem
1834 4513 1906 4610 ipse
1930 4516 2076 4591 manda·

628 4646 704 4708 tum
720 4629 919 4730 hujusmodi
937 4625 1130 4726 adimplere
1147 4624 1365 4725 contempsit.
1406 4622 1537 4725 Liquet
1549 4652 1705 4727 namque
1719 4631 1884 4706 undecim
1898 4659 1940 4708 ac
1958 4636 2075 4734 plures

629 4749 955 4851 archiepiscopales
974 4758 1010 4823 et
1033 4744 1164 4820 multas
1182 4746 1399 4845 episcopales
1425 4746 1537 4831 sedes,
1564 4746 1733 4824 abbacias
1751 4775 1895 4850 quoque
1922 4780 1964 4829 ac
1989 4756 2075 4830 elias

628 4871 791 4947 ecclesias
808 4870 844 4944 in
863 4894 972 4969 regno
989 4892 1117 4943 vacare
1133 4865 1321 4966 prauae
1345 4866 1475 4965 easque
1501 4881 1711 4965 procurante
1736 4870 1823 4969 ipso,
1841 4870 1927 4946 ficut
1953 4888 2075 4974 aperte
