4716 6428
343 706 573 781 A.1).1216.
697 704 1019 781 CHRONICA
1052 704 1128 779 DE
1163 705 1452 783 MAILROS.
1736 721 1804 797 127

337 920 425 993 culis
439 920 649 993 sufficienter
662 919 800 1004 muniti,
812 918 1071 1017 prominebant.
1111 918 1171 991 Ad
1183 919 1253 994 hoc
1270 920 1525 1019 spedacuium,
1539 934 1612 995 tam
1624 924 1801 1001 insolitum

338 1066 447 1140 quam
464 1038 691 1125 horrendum,
710 1051 784 1114 tam
803 1040 1009 1125 conversum
1027 1064 1136 1139 quam
1153 1040 1361 1114 servientem
1377 1042 1477 1115 suum
1495 1042 1599 1117 timor
1622 1044 1745 1119 invasit
1764 1060 1800 1121 et

338 1176 490 1246 tremor3
518 1175 554 1235 et
573 1161 622 1234 ait
649 1160 802 1234 serviens
821 1160 866 1233 ad
885 1160 1103 1243 conversum,
1122 1173 1144 1204 “
1163 1160 1342 1259 magister,
1360 1160 1446 1259 quid
1470 1175 1575 1260 putas
1592 1163 1654 1238 sibi
1678 1166 1801 1241 volunt

339 1283 430 1356 ista?
458 1281 619 1382 nunquid
636 1294 742 1380 putas
760 1281 836 1355 dies
848 1280 974 1380 judicii
994 1280 1187 1354 advenit?'’
1208 1280 1257 1355 Et
1271 1281 1342 1366 ille,
1362 1295 1384 1326 “
1398 1307 1639 1382 nequaquam,
1652 1285 1718 1371 fili;
1740 1287 1800 1361 sed

337 1404 483 1477 virtutes
498 1403 568 1477 Dei
583 1403 836 1502 omnipotentis
850 1403 939 1487 sunt,
954 1401 1014 1500 qui
1033 1402 1294 1500 provoluntate
1312 1404 1386 1488 sua,
1400 1402 1511 1502 signa,
1530 1418 1706 1502 portenta,
1720 1432 1799 1506 pro·

338 1525 436 1623 digia
454 1525 541 1599 facit
560 1536 596 1597 et
614 1522 828 1597 mirabilia.'’
881 1522 931 1595 Et
958 1521 1089 1622 adjecit
1115 1523 1279 1607 serviens,
1298 1536 1321 1567 ‘⁶
1334 1523 1451 1598 audivi
1478 1526 1682 1623 frequenter
1701 1530 1797 1627 quod

338 1670 400 1743 per
418 1645 624 1743 phitonissas
641 1655 677 1718 et
695 1644 876 1718 maleficas
893 1654 929 1716 et
948 1643 1197 1717 incantatrices
1213 1643 1366 1717 feminas
1383 1644 1581 1743 hujusmodi
1600 1650 1798 1725 mutatione

336 1765 421 1839 luna
439 1766 525 1840 solet
544 1765 771 1839 deformari.'‘
815 1762 865 1836 Et
883 1763 953 1847 ille,
972 1762 1145 1836 “nonest
1162 1763 1307 1848 ita,sili;
1334 1764 1419 1861 quin
1439 1766 1563 1862 pocius
1581 1768 1796 1845 credendum

337 1886 502 1985 estquod
522 1886 668 1985 aliquod
685 1885 813 1958 mirum
832 1896 868 1957 et
885 1882 1042 1956 humano
1061 1884 1183 1982 generi
1202 1882 1416 1956 horrendum
1434 1885 1686 1982 portendant.”
1743 1890 1798 1963 In·

336 2008 440 2081 terim
459 2020 580 2080 autem
598 2006 695 2089 luna,
714 2004 873 2103 deposita
891 2003 1023 2077 castelli
1049 2004 1176 2088 sonna,
1204 2004 1239 2075 in
1264 2028 1391 2077 navem
1419 2005 1656 2105 pergrandem
1674 2022 1710 2082 et
1728 2010 1799 2083 ele·

336 2127 537 2227 gantissrma
554 2126 691 2200 fabrica
708 2125 845 2198 fassam
862 2125 1016 2198 formata
1034 2123 1096 2197 est.
1153 2124 1227 2197 Sed
1245 2134 1281 2197 et
1299 2148 1389 2197 unus
1408 2135 1546 2198 tantum
1564 2126 1683 2213 homo,
1698 2130 1799 2230 cujus

335 2249 493 2322 maxima
511 2260 587 2321 erat
605 2246 750 2331 statura,
768 2246 804 2318 in
822 2245 903 2318 navi
922 2244 1020 2343 quasi
1038 2243 1196 2343 ejusdem
1223 2244 1323 2317 navis
1347 2256 1459 2318 nauta
1476 2248 1651 2344 apparuit.
1706 2250 1798 2324 Prae·

335 2368 434 2443 dista
452 2368 559 2465 igitur
576 2367 689 2451 navis,
707 2367 851 2439 extenso
870 2364 948 2437 velo
967 2375 1003 2437 et
1021 2364 1424 2462 explicito,velociss1mo
1442 2368 1543 2440 cursu
1553 2391 1616 2464 per
1629 2370 1798 2444 transver-

335 2491 410 2564 sum
429 2488 538 2562 insule
558 2488 603 2560 de
623 2487 715 2560 ΜΛΝ
739 2487 858 2559 versus
878 2483 1101 2582 Hiberniam
1119 2484 1295 2558 velificare
1314 2485 1385 2558 visa
1403 2486 1465 2559 est.
1520 2487 1603 2561 Post
1621 2487 1697 2563 haec
1715 2516 1798 2565 vero

335 2610 431 2695 luna,
450 2609 595 2707 abjesta
612 2608 712 2681 navis
729 2608 856 2691 sonna,
882 2606 1010 2678 iterum
1036 2606 1071 2677 in
1099 2605 1283 2679 castellum
1301 2630 1475 2704 magnum
1502 2617 1539 2680 et
1556 2609 1799 2706 spectantibus

338 2732 441 2828 supra
458 2729 605 2803 modum
622 2726 836 2801 horrendum
854 2727 1103 2799 transformata
1122 2725 1184 2810 est,
1204 2737 1237 2798 et
1256 2726 1325 2799 hac
1338 2725 1415 2800 vice
1432 2727 1599 2802 vexillum
1617 2730 1798 2827 quoddam

336 2850 470 2949 regale,
489 2850 596 2949 quale
623 2874 704 2922 cum
726 2847 939 2921 exercitibus
964 2872 1091 2946 regum
1109 2846 1155 2920 ad
1173 2845 1307 2919 bellurn
1332 2848 1626 2946 proficiscentium
1644 2853 1798 2950 praescrri

334 2971 434 3055 solet,
452 2971 487 3043 in
505 2956 678 3069 pradiebo
697 2967 840 3042 castello
868 2967 1053 3066 apparuit:
1081 2978 1117 3040 et
1136 2967 1233 3066 quod
1259 2968 1376 3067 magis
1402 2969 1603 3042 mirandum
1629 2972 1708 3057 suit,
1734 2973 1798 3046 lin-

333 3092 440 3192 gulep
465 3090 624 3177 ille,s1ve
648 3088 812 3173 caudule,
836 3088 966 3186 quein
993 3087 1275 3163 extremitatibus
1288 3088 1495 3161 vexillorum
1522 3089 1737 3188 dependent,
1763 3095 1797 3166 iu

333 3211 505 3312 praedieto
523 3210 651 3284 vexillo
669 3207 768 3308 quasi
787 3208 974 3282 adflatum
992 3209 1086 3282 venti
1106 3208 1237 3281 moveri
1253 3219 1289 3281 et
1303 3209 1431 3307 agitari
1449 3209 1671 3284 videbantur.
1715 3212 1798 3285 Post

334 3332 413 3419 hec,
425 3332 609 3432 aliquanto
620 3328 823 3429 interposito
842 3328 1039 3413 intervallo,
1054 3329 1168 3403 omnis
1182 3328 1312 3402 castelli
1332 3328 1424 3403 illius
1437 3329 1602 3403 machina
1616 3329 1796 3430 disparuit,

334 3468 370 3527 et
396 3454 480 3527 luna
505 3452 648 3551 propria
674 3452 827 3524 resumta
852 3450 979 3534 forma,
1005 3448 1156 3522 naturali
1181 3449 1282 3521 cursu
1308 3448 1486 3547 progressa
1504 3448 1566 3523 est.
1621 3451 1703 3524 Post
1729 3453 1796 3526 hee

333 3574 438 3647 turris
455 3572 622 3671 quaedam
646 3572 794 3671 parvula
817 3582 853 3644 et
870 3568 1052 3654 nebulosa,
1071 3568 1224 3642 minimis
1250 3568 1387 3642 munita
1412 3570 1700 3669 propugnaculis,
1719 3571 1795 3645 bre-

333 3692 467 3767 vissrmo
483 3694 596 3792 spatio
614 3695 717 3791 supra
740 3692 862 3765 lunam
880 3689 1044 3789 apparuit
1062 3699 1099 3763 et
1121 3688 1238 3762 statim
1256 3688 1435 3786 disparuit.
1491 3687 1596 3763 Luna
1619 3716 1703 3765 vero
1721 3705 1793 3767 tam

333 3812 458 3888 erebra
474 3814 524 3888 sui
543 3813 745 3897 vexatione,
763 3822 839 3885 tam
855 3808 1117 3884 inconvenienti
1136 3809 1408 3894 deformatione,
1432 3822 1506 3883 tam
1530 3811 1697 3897 violenta,
1720 3826 1793 3887 tam

333 3932 447 4008 subita
464 3934 591 4009 suimet
608 3933 820 4016 mutatione,
838 3930 935 4030 quasi
953 3930 1117 4030 injuriam
1135 3928 1243 4028 passa,
1262 3929 1418 4015 turbata,
1437 3931 1639 4005 contristata
1658 3946 1694 4006 et
1712 3961 1793 4007 con-

331 4053 485 4139 turbata,
504 4053 639 4153 pallida
655 4052 781 4127 mansit
799 4063 835 4127 et
853 4052 1071 4136 decolorata,
1090 4050 1235 4125 tandem
1252 4076 1335 4124 vero
1354 4052 1496 4150 proprio
1509 4053 1663 4127 resumto
1676 4056 1793 4129 colore

331 4176 367 4247 in
385 4176 420 4249 se
438 4176 551 4275 ipsum
569 4175 707 4249 reversa
725 4173 787 4248 est.

383 4295 557 4371 Advertat
575 4294 683 4395 igitur
696 4293 865 4369 sanctitas
879 4292 1004 4378 vestra
1018 4292 1043 4366 fi
1056 4304 1129 4367 tam
1145 4292 1322 4366 insolitum
1338 4293 1594 4391 spedsaculum,
1609 4308 1681 4369 tam
1695 4321 1792 4371 mon·

379 4496 390 4529 ⁹
411 4499 442 4553 ln
453 4498 501 4553 the
512 4498 609 4556 snrmer
621 4498 729 4563 edition,
744 4498 797 4553 this
810 4515 864 4552 was
877 4496 981 4568 printed
1001 4506 1018 4529 ‘⁸
1029 4496 1163 4567 singuloe‚''
1176 4497 1225 4550 but
1243 4496 1407 4567 incorrectly.
1448 4497 1508 4550 The
1521 4500 1602 4561 word,
1617 4499 1645 4552 in
1663 4517 1697 4553 au
1714 4502 1794 4570 arigii-

331 4582 402 4637 cised
414 4581 489 4645 serm,
509 4584 531 4637 is
544 4583 610 4638 used
628 4584 655 4637 in
668 4582 715 4637 the
733 4582 851 4636 metricos
868 4598 991 4635 romance
1010 4580 1042 4634 os
1055 4581 1174 4651 laybeouc
1185 4581 1322 4642 Diaconos,
1337 4580 1426 4634 where
1444 4582 1466 4633 it
1483 4581 1505 4635 is
1518 4592 1566 4635 not
1578 4582 1742 4638 understood
1760 4586 1794 4655 hy

333 4668 441 4729 Riscom
460 4686 505 4722 see
518 4668 559 4721 his
572 4670 653 4739 Engl.
668 4668 739 4723 Met.
754 4670 901 4728 Romanam,
915 4666 951 4719 iii.
966 4668 1028 4719 396.
1077 4665 1145 4726 Itis,
1162 4664 1174 4718 1
1187 4664 1349 4735 apprehend,
1363 4664 1475 4735 nothing
1492 4683 1565 4719 more
1577 4666 1642 4721 than
1654 4685 1672 4721 a
1683 4666 1794 4722 diminu—
1922 4668 1928 4679 '

329 4750 385 4805 tiva
397 4750 429 4806 os
435 4750 482 4806 the
495 4751 568 4807 word
580 4754 677 4824 lingua,
691 4751 744 4807 and
756 4752 778 4805 is
791 4749 918 4805 intended
929 4760 958 4805 to
971 4766 1078 4819 express
1091 4748 1169 4803 those
1182 4748 1299 4818 pendant
1311 4748 1374 4819 slips
1387 4749 1474 4803 witich
1488 4768 1557 4804 were
1570 4751 1694 4805 attached
1706 4764 1735 4805 to
1747 4752 1794 4805 the

329 4836 396 4891 ends
408 4835 441 4891 os
453 4837 558 4893 ancient
570 4838 692 4892 bannens.
733 4836 886 4907 Specimeus
899 4834 931 4888 of
937 4834 967 4896 it,
978 4833 1045 4888 srom
1063 4852 1081 4887 a
1097 4834 1259 4903 manuscript
1277 4833 1407 4887 executed
1418 4834 1512 4904 during
1523 4834 1570 4888 the
1588 4836 1660 4905 reign
1673 4834 1705 4889 os
1714 4836 1789 4891 Hen-

330 4938 360 4990 ry
374 4920 437 4985 111,
449 4938 509 4993 may
520 4924 555 4977 be
567 4938 630 4977 seen
642 4922 670 4976 in
683 4922 788 4977 Strutt'a
799 4920 927 4975 Manaers
938 4919 991 4975 arad
1003 4920 1123 4981 Cmtorm,
1138 4916 1222 4987 platea
1233 4921 1278 4979 46,
1292 4919 1336 4981 47,
1352 4920 1396 4979 50,
1410 4920 1455 4980 ⁵2,
1468 4922 1514 4979 53,
1527 4920 1572 4973 62.
