4716 6428
404 688 477 755 204
733 676 1050 753 CHRONlCA
1083 677 1159 752 DE
1193 672 1482 752 MAILROS.
1636 677 1736 754 Α.Ῑ).
1759 682 1867 760 1268.

407 895 488 969 dern
512 893 667 978 abbatie,
686 919 757 993 que
775 903 920 966 vocatur
946 891 1091 966 abbatia
1109 890 1155 965 de
1181 890 1375 992 Alnewylre
1401 892 1572 989 quoniam
1592 892 1698 990 juxta
1720 894 1867 993 opidum

408 1015 453 1089 de
478 1014 672 1113 Alnevvyke
696 1011 808 1112 posrta
829 1013 891 1097 est,
915 1024 1059 1113 propter
1082 1012 1315 1087 reverentiam
1339 1011 1464 1085 summi
1488 1011 1680 1087 conditoris
1703 1014 1867 1089 secarunt

407 1135 489 1235 pedi
508 1136 709 1232 incorrupto
723 1133 996 1207 calciamentum
1009 1132 1055 1205 de
1069 1142 1219 1231 argento
1237 1131 1425 1229 purilsrmo.
1465 1130 1507 1204 ln
1524 1157 1597 1231 quo
1610 1133 1757 1232 quidem
1774 1135 1867 1234 pede

408 1257 479 1330 visa
497 1255 548 1329 est
565 1256 673 1354 plaga
691 1255 781 1327 inter
797 1254 981 1327 minimum
999 1252 1185 1326 articulum
1204 1250 1362 1350 ejusdem
1379 1250 1480 1350 pedis
1498 1264 1534 1325 et
1559 1253 1650 1327 inter
1668 1256 1868 1329 convicina-

408 1389 484 1450 tum
496 1375 558 1449 fibi
578 1375 770 1448 inmediate
789 1373 988 1457 articulum,
1002 1372 1058 1445 vel
1072 1397 1116 1447 ex
1129 1372 1273 1445 crdtello
1287 1372 1405 1445 nescio
1423 1398 1470 1446 an
1483 1373 1539 1446 vel
1557 1399 1601 1447 ex
1619 1374 1742 1474 gladio
1754 1376 1867 1450 fasta.

410 1496 496 1571 Nou
515 1497 609 1571 enim
628 1492 822 1569 sufficiebat
841 1493 1038 1591 amputanti
1063 1490 1193 1591 pedem
1210 1492 1322 1566 sancti
1341 1493 1405 1566 viri
1422 1492 1519 1591 quod
1542 1494 1784 1593 multipliciter
1807 1496 1868 1570 de·

409 1628 607 1691 tmnctatus
625 1628 700 1688 arat
718 1612 1004 1712 incorporandi
1022 1613 1095 1710 ipse
1113 1637 1176 1710 per
1193 1612 1365 1711 majorem
1383 1613 1562 1688 maliciam
1579 1615 1727 1689 adderet
1744 1616 1777 1691 ei
1795 1617 1869 1690 vul·

409 1762 476 1811 nus
493 1738 528 1811 in
546 1737 650 1835 pede.
704 1734 846 1808 Accidit
865 1745 985 1807 autem
1003 1733 1039 1805 in
1057 1731 1183 1806 diebus
1201 1732 1268 1807 illis
1286 1746 1325 1805 ut
1342 1732 1489 1832 quidam
1507 1733 1689 1835 burgensis
1706 1737 1869 1835 predives

411 1855 508 1930 Novi
526 1855 628 1930 castri
647 1856 750 1953 super
770 1855 911 1953 Tyriam
929 1853 1126 1954 gravilsrme
1144 1853 1389 1938 infirmaretur,
1407 1854 1458 1927 ita
1476 1866 1514 1928 ut
1532 1855 1608 1929 sere
1621 1856 1734 1929 omnis
1750 1868 1870 1931 motus

411 1977 607 2050 auferretur
625 1973 671 2048 ab
690 2000 746 2048 eo.
786 1973 825 2048 N
826 1999 872 2047 ou
891 1974 985 2047 enim
1002 1973 1118 2072 potuit
1135 1997 1278 2047 movere
1295 1972 1425 2072 pedem
1443 1972 1489 2047 de
1506 1974 1615 2059 lecto,
1632 2000 1703 2048 nou
1720 2001 1867 2050 manum
1896 2063 1899 2067 ,

411 2096 456 2169 ad
474 2121 515 2170 os
532 2095 722 2179 deducere,
746 2120 816 2167 non
845 2093 991 2193 aliquod
1013 2093 1168 2167 officium
1192 2093 1243 2166 sui
1267 2093 1424 2191 corporis
1448 2119 1625 2180 exercere,
1650 2095 1710 2170 sed
1732 2120 1800 2169 nec
1818 2108 1869 2170 at·

410 2216 554 2290 trestari
574 2215 619 2289 ab
638 2215 758 2315 aliquo
776 2215 907 2299 voluit;
930 2225 1032 2287 tanta
1049 2214 1144 2286 enim
1162 2213 1366 2288 calamitate
1385 2214 1617 2314 iugentiffime
1631 2215 1870 2290 invalitudinis

411 2361 474 2436 per
491 2348 605 2409 totum
623 2360 751 2434 corpus
768 2347 845 2408 erat
862 2333 1027 2419 ahialim,
1041 2345 1081 2407 ut
1097 2333 1219 2408 mallet
1232 2332 1331 2434 quali
1344 2335 1432 2407 mori
1446 2360 1556 2435 quam
1569 2334 1615 2409 de
1625 2336 1723 2410 tetta
1737 2361 1869 2411 ammo·

412 2458 496 2540 veri,
523 2468 664 2554 propter
682 2453 886 2528 incredibile
904 2453 1043 2553 pondus
1061 2454 1122 2528 sue
1139 2454 1363 2529 infirmitatis.
1418 2454 1487 2529 Cui
1506 2455 1664 2554 quadarn
1682 2457 1792 2531 noste
1809 2482 1870 2555 ap·

413 2577 530 2675 paruit
548 2601 615 2649 vox
629 2577 664 2649 iu
683 2575 836 2674 sompnis
854 2575 887 2648 ei
906 2574 1039 2659 diceus,
1057 2587 1081 2618 “
1096 2574 1212 2674 Surge
1226 2600 1303 2648 cras
1320 2599 1438 2659 mane,
1456 2587 1493 2649 et
1510 2575 1769 2674 aliquantulum
1788 2575 1871 2651 alle·

412 2696 564 2770 viaberis
582 2721 625 2768 ex
644 2695 712 2769 hac
729 2695 948 2779 infirmitate,
975 2696 1196 2794 pergensque
1220 2693 1316 2793 apud
1336 2693 1567 2793 Alnewpicum
1593 2696 1750 2770 iuvenies
1767 2696 1816 2769 ibi
1834 2697 1870 2769 in

414 2815 561 2889 abbatia
580 2816 832 2890 canonicomm
845 2814 1226 2888 Praemoustrateulium
1244 2815 1374 2914 pedem
1391 2815 1544 2891 Simonis
1562 2816 1607 2889 de
1622 2816 1751 2890 Monte
1768 2817 1869 2902 sorti3

414 2935 509 3035 apud
528 2936 663 3020 illum,''
682 2936 798 3035 inquit
816 2961 895 3021 vox,
914 2935 1080 3033 “pedem
1098 2935 1247 3033 recipies
1265 2937 1451 3010 sanitatem
1469 2936 1649 3034 optimam.
1703 2935 1776 3023 Qui
1794 2962 1871 3010 cra·

413 3057 504 3130 stiua
518 3057 576 3131 die
595 3058 730 3130 summo
749 3082 854 3130 mane
869 3057 1096 3155 consurgens,
1110 3055 1381 3155 aliquantulum,
1400 3066 1505 3156 prout
1521 3081 1588 3130 vox
1606 3056 1724 3131 diviua
1741 3057 1775 3130 ei
1792 3081 1871 3156 pre·

415 3177 564 3262 dixerat,
583 3177 781 3261 alleviatus,
803 3201 873 3249 non
897 3188 1017 3250 tamen
1042 3175 1175 3275 absque
1202 3177 1396 3276 penalitate
1419 3178 1520 3277 gravi
1545 3177 1702 3251 ascendit
1725 3201 1870 3277 equum,

415 3296 543 3372 deinde
561 3322 670 3396 quam
688 3296 791 3371 citius
808 3296 924 3396 potuit
942 3297 1036 3371 veuit
1057 3296 1300 3395 Alnewycum.
1355 3295 1521 3397 Cumque
1539 3296 1708 3372 introisset
1726 3295 1871 3372 domum

414 3418 655 3517 religiosorum
674 3418 903 3515 prefatorum,
922 3429 1026 3516 prout
1043 3417 1158 3515 potuit
1176 3416 1394 3491 descendens
1411 3417 1456 3491 de
1480 3442 1587 3516 equo,
1606 3442 1689 3492 mox
1707 3442 1872 3518 propera·

415 3538 465 3611 vit
483 3537 529 3611 ad
548 3537 677 3636 pedem
695 3537 808 3612 sandti
831 3537 895 3610 viri
915 3536 1109 3611 visendum.
1165 3537 1272 3622 Quod
1290 3563 1372 3611 cum
1389 3550 1611 3636 compertum
1629 3537 1746 3613 suisset
1764 3564 1870 3612 cauo-

415 3659 502 3732 uicis
514 3658 597 3732 Deo
611 3658 760 3742 devotis,
779 3656 850 3730 duo
869 3682 913 3731 ex
931 3657 1009 3742 illis,
1024 3669 1063 3731 ut
1080 3681 1143 3756 per
1160 3657 1254 3731 viam
1267 3657 1468 3757 compendii
1487 3658 1674 3733 accederet
1692 3658 1872 3760 burgensis

416 3779 532 3852 adbuc
551 3777 812 3876 supramodum
827 3788 994 3876 egrotans
1008 3776 1053 3850 ad
1071 3775 1212 3875 pedem,
1227 3803 1272 3852 ne
1286 3779 1377 3851 sorte
1392 3777 1496 3852 nimis
1508 3777 1686 3853 laboraret
1704 3780 1740 3853 in
1754 3758 1872 3854 eundd

416 3900 533 3971 versus
551 3897 692 3996 pedem,
710 3899 867 3972 tulerunt
891 3897 1021 3997 pedem
1039 3907 1163 3971 contra
1179 3896 1278 3970 illum
1296 3897 1438 3972 deloco
1456 3899 1688 3999 requietionis
1704 3901 1765 3973 suc
1788 3924 1870 3973 cum

418 4018 615 4091 reverentia
639 4018 674 4090 in
698 4017 932 4092 calciamento
955 4042 1028 4116 quo
1052 4028 1129 4091 erat
1151 4016 1313 4103 indutum
1337 4017 1382 4093 ad
1409 4019 1511 4118 cujus
1531 4019 1754 4094 calciamenti
1770 4018 1872 4093 deos·

416 4136 557 4211 culandi
577 4137 726 4221 tastum,
745 4150 938 4236 antequam
956 4161 1042 4237 eger
1059 4136 1224 4236 potuisset
1241 4138 1539 4239 appropinquare,
1556 4164 1601 4213 ex
1618 4138 1691 4213 solo
1708 4139 1781 4213 visu
1798 4138 1871 4213 cal·

417 4256 582 4331 ciamenti
608 4257 783 4356 integram
808 4257 938 4331 memit
955 4282 977 4331 a
996 4257 1081 4332 Deo
1099 4258 1257 4357 recipere
1280 4270 1423 4358 propter
1445 4260 1572 4335 merita
1592 4259 1746 4335 Simonis
1764 4259 1870 4360 sospi-

416 4390 539 4450 tatem.
594 4376 820 4451 Pensandum
837 4375 985 4477 proinde
1002 4376 1054 4453 est
1070 4387 1208 4478 quanta
1232 4377 1347 4478 gloria
1365 4379 1432 4453 erit
1447 4380 1485 4454 iu
1501 4380 1572 4455 boc
1586 4378 1682 4479 pede
1702 4378 1870 4465 Simonis,

417 4499 452 4570 iu
470 4497 762 4596 reconjunttione
776 4497 885 4573 totius
898 4498 949 4571 sui
962 4498 1118 4598 corporis
1131 4497 1178 4574 ad
1195 4497 1337 4599 pedem,
1350 4499 1429 4599 post
1444 4499 1612 4599 generale
1625 4499 1813 4601 judicium,
1827 4524 1871 4574 err

416 4619 680 4719 comparatione
703 4617 805 4718 pedis
831 4629 915 4693 ante
936 4617 1125 4718 judicium,
1150 4619 1212 4721 qui
1237 4630 1339 4695 tauta
1363 4619 1481 4719 gratia
1506 4620 1666 4696 sanitatis
1686 4621 1812 4695 enituit
1834 4620 1870 4694 in

416 4740 593 4817 elemento
618 4750 759 4815 mortuo
784 4739 819 4815 se
851 4750 1079 4841 contegente,
1104 4740 1237 4815 scilicet
1262 4739 1299 4813 in
1322 4740 1462 4842 argenti
1486 4740 1738 4827 calciamento,
1765 4751 1805 4815 ut
1826 4763 1871 4816 ex

416 4860 509 4959 pede
535 4884 599 4959 per
621 4859 894 4937 calciamentum
917 4859 1029 4935 exiret
1058 4860 1168 4937 virtus
1191 4859 1312 4935 diviua
1335 4858 1552 4935 invisibiliter
1574 4860 1622 4935 ad
1647 4870 1872 4963 egrotantem

394 5022 397 5029 ·
416 4977 622 5055 sanandum.
