4716 6428
587 708 653 775 158
932 699 1250 776 CHRONICA
1286 700 1362 774 DE
1397 698 1683 775 MAlLROS.
1804 700 1903 775 ni).
1935 707 2043 777 1244.

582 917 760 991 concussit.
816 917 1056 991 Transeuntes
1080 918 1174 991 enim
1199 942 1312 1015 aquas
1335 915 1496 1015 frigidas,
1515 916 1626 1015 usque
1650 914 1696 987 ad
1719 927 1865 1013 pontem
1888 918 2043 993 ferreum

583 1064 692 1136 prope
713 1036 943 1129 Antiochiam
967 1050 1214 1136 pervenerunt,
1232 1036 1331 1135 quasi
1356 1036 1489 1109 locuste
1511 1036 1546 1107 in
1571 1034 1675 1108 turba
1698 1035 1947 1111 innumerabili
1968 1040 2044 1114 uni·

583 1161 679 1231 versa
699 1158 886 1231 vastantes,
941 1158 1076 1231 Verum
1094 1157 1139 1231 de
1158 1157 1276 1231 divina
1300 1156 1461 1256 processit
1479 1156 1669 1230 clementia
1692 1157 1790 1254 quod
1813 1158 1947 1233 soldani
1967 1160 2042 1234 Da-

583 1282 687 1354 masei
708 1294 743 1351 et
764 1278 919 1378 Halapie
938 1292 974 1352 et
995 1278 1169 1362 Camelle,
1188 1303 1258 1351 non
1277 1277 1348 1351 fine
1371 1278 1483 1351 multa
1501 1276 1668 1351 effufione
1686 1278 1849 1375 pecunie,
1868 1280 2043 1379 usquead

580 1413 715 1473 certum
740 1414 881 1499 tompus
904 1399 1008 1473 sedus
1034 1399 1121 1472 inire
1145 1424 1226 1472 cum
1253 1398 1331 1481 illis,
1356 1396 1460 1471 etsie
1488 1396 1533 1470 ad
1560 1408 1679 1495 partes
1705 1398 1923 1483 remotiores,
1948 1401 2043 1475 unde

581 1534 762 1605 venerant,
794 1524 872 1594 sunt
903 1520 1044 1605 rei'ersi3
1080 1521 1114 1592 in
1146 1544 1296 1617 quorum
1327 1517 1459 1591 recessu
1490 1517 1607 1590 nostra
1635 1530 1825 1617 utrumque
1854 1531 1889 1592 et
1920 1521 2041 1619 populi

584 1642 771 1715 Christiani
788 1644 948 1716 anxietas
962 1640 1176 1739 conquievit..
1213 1638 1293 1712 Nos
1307 1651 1428 1712 tamen
1442 1638 1536 1711 circa
1553 1636 1840 1712 Corosminorum
1854 1638 2041 1715 instantem

580 1763 739 1853 gladium
759 1775 833 1835 tota
853 1762 1086 1836 sollieitudine
1104 1761 1316 1859 cogitantes,
1342 1759 1388 1832 ad
1406 1784 1528 1833 eorum
1546 1758 1786 1857 expulsionem
1809 1784 1881 1833 non
1898 1760 2040 1835 cessavi·

580 1910 671 1966 iniis,
703 1909 768 1957 nec
795 1882 978 1967 cessamus,
1007 1882 1090 1954 totis
1121 1880 1308 1953 conatibus
1338 1878 1512 1962 laborare,
1544 1879 1691 1953 illustres
1721 1905 1844 1980 regem
1875 1880 1974 1980 Cipri
2005 1896 2041 1956 et

582 2006 775 2102 principem
797 2003 989 2077 Antiochia
1012 2002 1058 2075 ad
1078 2000 1190 2074 Terre
1209 2000 1331 2075 sanese
1349 1998 1537 2074 subsidium
1555 1999 1737 2074 hortantes
1755 2012 1908 2086 attente;
1934 2003 1996 2075 sed
2019 2030 2041 2076 a
2162 2038 2169 2049 ·

582 2150 666 2220 rege
693 2124 855 2223 predicto
882 2123 1016 2196 nullum
1043 2122 1223 2220 potuimus
1249 2120 1380 2193 habere
1408 2121 1619 2204 succursum,
1647 2121 1743 2195 idem
1768 2146 1851 2195 vero
1877 2123 2041 2222 princeps

582 2246 812 2345 Tartarorum
832 2242 1023 2343 regressum
1041 2254 1216 2325 metuens,
1235 2243 1270 2315 se
1289 2240 1528 2338 multipliciter
1546 2241 1736 2314 excusavit.

633 2365 799 2463 Cumque
827 2366 860 2437 in
885 2364 999 2439 Terra
1022 2362 1144 2436 santia
1172 2387 1241 2435 non
1269 2360 1334 2434 sint
1359 2359 1489 2434 milites
1515 2372 1577 2433 aut
1600 2360 1739 2458 pedites
1764 2363 1952 2461 peregrini,
1979 2362 2041 2437 nili

581 2485 784 2583 paucissimi,
800 2484 928 2583 quibus
942 2481 1106 2556 omnibus
1120 2481 1335 2580 computatis
1348 2480 1405 2554 vix
1419 2480 1518 2578 possit
1533 2480 1579 2553 ad
1593 2482 1836 2555 centenarium
1854 2508 2040 2557 numerum

579 2606 799 2703 computari;
826 2604 956 2678 milites
979 2604 1087 2676 etiam
1111 2614 1203 2676 terre
1227 2603 1305 2675 sunt
1327 2601 1409 2673 hinc
1434 2600 1516 2674 inde
1540 2600 1681 2699 dispersi
1699 2626 1808 2700 prope
1830 2602 1943 2677 castra
1965 2628 2041 2677 mu·

579 2728 729 2809 iiientes,
748 2726 808 2823 qui
834 2749 903 2797 non
923 2724 1041 2796 valent
1065 2722 1110 2796 de
1133 2722 1230 2795 sacili
1249 2722 1472 2820 congregari,
1492 2748 1535 2794 eo
1559 2722 1656 2820 quod
1678 2747 1750 2794 non
1768 2722 1908 2821 possunt
1928 2723 2041 2797 castra

580 2847 778 2943 relinquero
797 2844 1000 2928 immunita;
1019 2867 1208 2916 commune
1224 2855 1315 2915 terre
1334 2840 1515 2914 eonsilium
1530 2840 1682 2915 dissuasit
1699 2843 1950 2941 multipliciter,
1969 2843 2041 2920 sine

580 2967 702 3063 majori
727 2964 878 3040 subsidio
897 2963 975 3037 illos
998 2963 1224 3062 nequissimos
1248 2961 1428 3045 invadere,
1451 2963 1512 3036 seu
1531 2988 1693 3061 pugnare
1716 2988 1798 3037 cuin
1822 2964 1900 3038 illis.
1953 2964 2039 3039 Non

579 3088 673 3160 enim
697 3099 812 3159 tutum
831 3097 907 3159 erat
931 3098 1054 3158 contra
1072 3084 1213 3157 turbam
1236 3097 1310 3157 tam
1334 3083 1526 3156 maximam
1550 3094 1586 3157 et
1610 3096 1793 3181 potentem
1812 3109 1893 3157 cum
1917 3086 2039 3183 paucis

580 3233 757 3305 pugnare;
784 3207 938 3280 maximo
956 3231 1037 3279 cum
1055 3204 1163 3304 paulo
1181 3204 1258 3303 post
1282 3204 1433 3302 primum
1457 3203 1646 3303 ingressum
1670 3204 1809 3277 illorum
1831 3205 1901 3279 alia
1923 3206 2039 3280 multi·

578 3328 665 3401 tiulo
690 3328 807 3427 gentis
831 3326 988 3425 ejusdem
1013 3325 1196 3399 advenerit
1220 3324 1393 3423 adjuneta
1416 3349 1498 3397 cum
1522 3323 1600 3408 illis,
1620 3325 1680 3423 qui
1704 3349 1775 3399 non
1794 3339 1907 3410 erant,
1932 3340 1972 3399 ut
1989 3327 2039 3399 di·

578 3450 679 3533 eitur,
698 3448 872 3546 prioribus
890 3448 1093 3546 pauciores3
1121 3447 1230 3520 etiam
1248 3445 1334 3518 licut
1353 3470 1415 3543 pro
1434 3456 1531 3518 certo
1550 3446 1711 3529 refertur,
1734 3444 1797 3543 ipsi
1814 3447 1905 3531 sunt,
1923 3458 2040 3545 preter

578 3568 666 3642 alios
684 3594 891 3641 communes
914 3568 1087 3651 homines
1107 3592 1234 3640 uxores
1253 3590 1375 3639 eorum
1394 3579 1431 3639 et
1448 3565 1613 3650 familias,
1632 3565 1724 3638 ultra
1741 3565 1801 3663 xij.
1825 3566 1923 3640 milia
1942 3568 2039 3666 equi·

578 3704 652 3761 tum
668 3690 913 3788 expeditorum
932 3688 978 3761 ad
997 3712 1107 3761 arma.
1149 3687 1231 3760 Fuit
1246 3688 1367 3785 itaque
1382 3686 1561 3758 communi
1575 3685 1832 3760 deliberatione
1851 3688 2037 3785 provisum,

578 3809 741 3882 soldarios
762 3809 930 3882 Damasei
953 3820 989 3881 et
1010 3807 1172 3882 Camelle
1197 3807 1232 3879 iii
1254 3806 1533 3881 Christianorum
1557 3804 1745 3880 subsidium
1770 3805 1957 3892 advocare,
1976 3809 2037 3907 qui

579 3932 656 4001 sunt
683 3955 764 4002 cum
793 3928 1001 4003 Christianis
1028 3941 1154 4027 treuge
1181 3938 1218 3999 et
1246 3926 1370 3999 sedero
1397 3926 1566 4025 copulati,
1598 3938 1634 3999 et
1660 3937 1784 3999 contra
1813 3926 2038 4001 Corosminos

577 4047 712 4121 habent
735 4049 934 4123 inimicitias
953 4047 1136 4146 capitales.
1191 4045 1290 4119 Dicti
1311 4071 1392 4119 vero
1415 4046 1562 4119 Soldani
1586 4046 1702 4144 sepius
1720 4046 1886 4145 requisiti,
1905 4048 1940 4121 se
1958 4073 2037 4146 pro-

578 4170 744 4242 miserunt
763 4194 844 4241 cum
870 4170 952 4241 totis
970 4166 1101 4242 viribus
1128 4168 1174 4240 ad
1196 4165 1473 4241 Christianorum
1496 4166 1686 4241 subsidium
1712 4166 1927 4253 accessuros3
1950 4194 2037 4267 quo·

579 4314 653 4361 rum
681 4288 726 4359 de
753 4288 811 4361 die
837 4290 872 4361 in
904 4289 962 4361 die
992 4288 1203 4385 expeetatus
1232 4286 1405 4359 adventus
1432 4288 1499 4360 suit
1525 4285 1617 4360 ultra
1643 4288 1800 4361 omnium
1832 4288 2035 4386 opinionem

578 4408 784 4508 protelatus,
808 4408 880 4481 sine
907 4432 1058 4507 quorum
1076 4407 1206 4480 viribus
1230 4407 1464 4505 periculosum
1488 4421 1563 4481 erat
1585 4406 1840 4482 Christianitati
1864 4433 1944 4482 cum
1971 4409 2038 4483 illis

578 4528 691 4602 subire
719 4541 910 4602 certamen.
967 4528 1111 4601 Interim
1135 4552 1218 4601 vero
1245 4527 1397 4627 populus
1423 4528 1612 4602 Ierusalem
1639 4527 1852 4613 inhabitans,
1879 4528 2037 4603 hostibus

576 4650 658 4722 hine
682 4649 764 4723 inde
783 4648 945 4732 vallatus
965 4673 1055 4747 quos
1076 4648 1170 4721 intus
1187 4649 1314 4733 sames
1332 4648 1417 4721 soris
1440 4648 1582 4747 gladius
1599 4647 1828 4748 perurgebat,
1846 4648 2037 4724 terroribus

576 4782 611 4843 et
639 4770 802 4869 periculis
825 4768 982 4868 plurimis
1009 4767 1281 4868 angustabatur3
1309 4768 1355 4842 ad
1382 4768 1483 4865 cujus
1505 4769 1706 4842 succursum
1732 4768 1966 4843 credebamus
1992 4769 2038 4842 de

576 4890 633 4961 ilie
661 4892 694 4963 in
720 4889 813 4964 diem
838 4890 1032 4965 exercitum
1058 4913 1292 4989 congregare.
1348 4889 1398 4962 At
1423 4887 1546 4986 perfidi
1573 4886 1770 4963 Corosmini
1795 4914 1876 4964 oum
1902 4912 2036 4989 magna

2096 2624 2142 2679 sol.
2157 2630 2203 2683 47.
