4716 6428
359 716 458 792 A.D.
482 724 587 792 1218.
710 718 1031 795 CHRONICA
1065 720 1141 795 DE
1176 720 1462 797 MAILROS.
1749 734 1818 800 133

358 935 494 1035 Anglia
512 935 774 1019 commorantis,
799 934 963 1009 dominus
984 934 1186 1008 Willelmus
1212 936 1306 1034 prior
1331 934 1579 1009 Dunelmensrs
1598 947 1634 1009 et
1650 937 1817 1037 magister

359 1055 542 1130 Walterus
560 1056 605 1130 de
626 1055 817 1129 Wisebech
842 1055 1113 1130 archidiaconus
1131 1055 1175 1128 de
1196 1055 1415 1156 Hestriding,
1438 1067 1477 1130 ut
1499 1056 1682 1130 ecclesiam
1704 1057 1817 1131 Scoti-

356 1202 496 1261 canam,
514 1177 714 1250 sacerdotes
731 1176 896 1250 videlicet
915 1188 951 1249 et
968 1176 1152 1276 populum,
1167 1177 1325 1276 exceptis
1343 1177 1515 1277 episcopis
1533 1189 1569 1251 et
1587 1178 1753 1277 praelatis,
1772 1177 1817 1252 ab

356 1296 593 1371 anathematis
616 1297 757 1371 vinculo
775 1296 875 1370 simul
897 1308 933 1370 et
959 1296 1150 1371 interdicto
1170 1297 1421 1371 absolverent.¹¹
1475 1298 1546 1383 Qui
1570 1298 1778 1398 incipientes
1796 1324 1818 1371 a

356 1416 492 1490 Beruie
510 1418 722 1491 circuierunt
740 1417 898 1490 Scotiam
913 1428 949 1490 et
966 1416 1302 1516 perambulaverunt
1320 1443 1412 1490 eam.
1452 1417 1678 1493 Accedentes
1697 1431 1816 1493 autem

355 1537 451 1636 apud
470 1536 663 1611 Edenburc
681 1537 727 1611 ad
746 1536 928 1610 dominum
954 1562 1077 1637 regem
1102 1550 1319 1636 acceperunt
1337 1538 1445 1610 etiam
1464 1538 1510 1611 ab
1529 1540 1602 1638 ipso
1621 1564 1706 1639 rege
1719 1540 1815 1639 jura·

354 1671 513 1732 mentum
532 1670 567 1732 ot
587 1685 608 1732 a
626 1658 707 1742 suiS,
725 1657 840 1731 standi
859 1657 996 1756 judicio
1015 1657 1162 1731 ecclesie
1181 1669 1217 1731 et
1243 1658 1422 1731 mandatis
1441 1657 1574 1733 domini
1598 1685 1709 1760 pape3
1733 1659 1815 1734 inde

354 1804 436 1851 vero
462 1779 627 1878 progreffi
656 1780 735 1852 sunt
764 1778 798 1851 in
828 1778 1040 1876 profundam
1073 1778 1233 1852 Scotiam
1260 1780 1370 1877 usque
1397 1779 1579 1854 Aberden.
1635 1781 1675 1853 In
1700 1781 1815 1855 reditu

352 1911 472 1973 autem
490 1899 750 1999 hospitantibus
768 1899 835 1973 illis
860 1899 956 1998 apud
980 1898 1156 1983 Lundors,
1185 1925 1247 1997 per
1271 1900 1443 1972 incuriam
1468 1912 1503 1972 et
1526 1900 1813 2001 prodigalitatem

352 2020 610 2117 pincernarum,
626 2019 811 2093 succensus
826 2018 877 2092 est
890 2018 1069 2092 thalamus
1083 2019 1142 2091 ubi
1162 2020 1234 2118 ipso
1252 2020 1346 2118 prior
1360 2045 1440 2092 cum
1455 2020 1639 2094 monachis
1653 2023 1722 2096 suis
1736 2023 1813 2095 dor-

351 2140 501 2226 miebat;
526 2141 620 2213 unde
643 2141 715 2239 ipse
737 2140 830 2239 prior
853 2140 953 2212 sumo
972 2151 1007 2212 et
1028 2139 1192 2213 incendio
1214 2140 1288 2212 fere
1313 2140 1502 2215 suffocatus
1528 2141 1584 2213 vix
1609 2142 1655 2214 ad
1673 2154 1813 2241 tempus

350 2262 439 2333 mori
458 2261 600 2346 distulit,
619 2261 678 2334 sed
698 2261 758 2333 diu
777 2273 927 2361 mortem
945 2285 1017 2333 non
1036 2259 1155 2343 evasit,
1180 2285 1263 2333 nam
1288 2260 1365 2357 post
1388 2260 1597 2360 languorem
1619 2263 1812 2336 maximum

351 2382 446 2480 apud
471 2381 713 2481 Coldingham
738 2380 915 2455 deductus
939 2394 975 2453 et
1003 2380 1048 2452 ad
1078 2393 1237 2453 extrema
1265 2380 1471 2478 perdudtus,
1501 2381 1633 2455 ibidem
1656 2382 1812 2481 spiritum

350 2502 515 2586 exalavit,
534 2502 570 2601 ij.
591 2502 669 2575 idus
688 2501 777 2600 Maij
802 2500 908 2600 [Maij
929 2499 1004 2599 14].

402 2622 542 2697 Eodem
567 2648 661 2695 anno
679 2622 715 2695 in
737 2622 1013 2695 annunciatione
1032 2622 1211 2695 dominica
1233 2621 1343 2720 [Mar.
1363 2622 1428 2721 25]
1456 2624 1624 2722 prrecepit
1646 2623 1813 2723 magister

355 2743 571 2842 W[alterus]
593 2744 638 2818 de
665 2742 869 2827 Wisebech,
898 2743 943 2816 de
971 2742 1141 2815 mandato
1166 2742 1252 2815 dicti
1276 2743 1386 2841 legati
1411 2755 1447 2815 et
1471 2744 1684 2816 anctoritate
1709 2744 1813 2843 ipsius

351 2890 424 2962 qua
440 2865 587 2939 sunetus
606 2864 668 2948 est,
693 2876 731 2936 ut
750 2888 873 2937 omnes
898 2863 1042 2936 omnino
1067 2862 1231 2936 monaehi
1251 2863 1383 2937 ordinis
1403 2863 1558 2937 Cistertii
1576 2890 1639 2963 per
1663 2888 1813 2964 rognum

354 2984 474 3058 Scotie
493 2983 672 3058 constituti
697 3010 719 3056 a
737 2983 978 3058 celebratione
1003 2984 1201 3057 diuinorum
1220 2982 1401 3057 cessarent.
1458 2983 1525 3083 lpsr
1543 3010 1625 3057 vero
1651 2984 1811 3070 abbates,
1831 2968 1836 2977 ¹

349 3105 481 3179 scilicet
507 3106 683 3179 Radulfus
708 3104 752 3177 de
779 3103 926 3188 MelroS,
953 3104 1073 3177 Adam
1098 3104 1143 3177 do
1168 3103 1354 3187 Neubotil,
1382 3103 1587 3178 Alexander
1611 3104 1655 3177 de
1677 3104 1811 3203 Capro,

352 3224 528 3300 Radulsns
546 3226 591 3299 de.
612 3226 750 3309 Kinlos,
772 3224 883 3324 Hugo
902 3225 947 3298 de
966 3225 1090 3298 sandto
1114 3225 1287 3308 Seruano,
1306 3224 1426 3297 omnia
1443 3225 1505 3298 sua
1524 3225 1558 3296 in
1577 3250 1666 3324 paco
1686 3224 1757 3299 Dei
1776 3238 1810 3299 et

349 3347 573 3445 protestione
592 3346 724 3419 domini
744 3371 836 3444 pape
855 3357 1040 3443 ponentes,
1059 3345 1194 3418 dietum
1213 3344 1372 3443 legatum
1391 3344 1551 3417 adierant
1569 3356 1656 3443 aput
1675 3344 1811 3418 Ebora-

348 3492 442 3551 cum,
454 3466 514 3540 ubi
529 3466 606 3565 post
620 3466 749 3540 multas
761 3492 884 3565 preces
898 3477 933 3538 et
945 3465 1134 3538 multorum
1147 3464 1405 3538 intercessiones
1419 3465 1475 3537 vix
1489 3464 1551 3537 libi
1566 3464 1645 3563 ipsis
1658 3466 1809 3563 gratiam

348 3586 577 3661 absolutionis
590 3588 876 3686 impetraverunt.
908 3586 1052 3659 Interim
1065 3599 1186 3659 autern
1197 3585 1389 3684 praedictus
1405 3584 1621 3684 W[alterus]
1637 3585 1681 3657 de
1696 3585 1809 3659 Wise-

348 3706 439 3781 bech
458 3708 554 3807 apud
574 3707 709 3781 Beru'ic
734 3708 767 3780 in
787 3707 845 3780 die
868 3706 1065 3805 palmarum
1089 3705 1195 3804 [Apr.
1214 3704 1253 3804 8]
1275 3717 1311 3778 et
1330 3706 1365 3778 in
1384 3705 1533 3778 castrino
1552 3731 1632 3778 cum
1651 3705 1808 3804 pluribus

347 3827 483 3903 clericis
501 3842 537 3903 et
555 3829 708 3927 praelatis
727 3828 841 3901 tenuit
858 3827 1060 3912 concilium,
1079 3827 1114 3899 in
1133 3852 1205 3924 quo
1223 3826 1413 3925 praedictos
1431 3824 1625 3899 monachos
1644 3826 1678 3898 in
1697 3851 1807 3927 regno

351 3950 472 4023 Scotie
490 3949 698 4022 constitutos
721 3973 860 4022 necnon
882 3960 918 4021 ct
942 3947 1009 4021 illis
1027 3947 1342 4031 communicantes,
1361 3945 1587 4039 denunciavit
1605 3971 1807 4020 excommu-

347 4070 494 4143 nicatos.
529 4069 595 4169 lpfi
615 4095 697 4142 vero
712 4069 876 4142 monachi
896 4067 1027 4141 ibidem
1041 4067 1128 4141 ficut
1139 4079 1222 4140 ante
1240 4068 1411 4151 fecerant,
1426 4080 1499 4139 tam
1514 4078 1636 4140 contra
1651 4066 1806 4166 W[altc·

347 4189 438 4289 rum]
453 4216 561 4289 quarn
581 4202 703 4263 contra
716 4190 851 4263 dissum
864 4189 1023 4289 legatum
1042 4189 1262 4288 praesentiam
1274 4187 1406 4259 domini
1419 4213 1511 4286 pape
1524 4188 1807 4286 appellaverunt;

345 4324 381 4384 et
395 4311 491 4383 illam
506 4311 782 4409 appellationem
796 4335 905 4409 quam
919 4309 1083 4383 dominus
1098 4308 1250 4381 Cistertii
1265 4333 1327 4406 pro
1342 4307 1433 4381 statu
1447 4308 1579 4381 ordinis
1593 4308 1806 4407 interposue-

346 4445 398 4504 rat
412 4432 632 4515 innovantes,
642 4431 952 4504 denunciationem
963 4430 1060 4502 illam
1073 4429 1203 4502 irritam
1215 4428 1427 4501 hahuerunt.
1452 4428 1535 4513 Quo
1547 4429 1807 4512 audito,di6tus

345 4552 486 4651 legatus
503 4552 649 4624 nimium
665 4553 891 4651 exasperatus
904 4550 1036 4649 jurarit
1053 4549 1133 4648 ipfis
1152 4548 1341 4622 abbatibus
1360 4549 1394 4620 in
1414 4549 1596 4647 praesentia
1617 4548 1707 4622 illius
1722 4574 1804 4621 con·

346 4672 483 4756 llitutis,
502 4672 537 4745 se
555 4672 687 4745 nullam
707 4672 851 4745 omnino
869 4670 1021 4769 gratiam
1040 4669 1095 4743 vel
1114 4668 1193 4767 ipsis
1212 4669 1266 4740 rel
1286 4668 1519 4741 coru'entihus
1537 4694 1656 4742 eorem
1675 4670 1803 4767 praesti·

344 4808 472 4876 turum,
492 4792 552 4865 nisr
572 4794 666 4892 prius
681 4819 742 4892 per
760 4791 999 4865 testimoninm
1013 4791 1256 4890 episcoporum
1271 4801 1304 4861 et
1321 4789 1535 4861 decanorum
1555 4790 1693 4860 suorum
1713 4789 1804 4887 ipsos

819 4954 830 4977 ¹¹
847 4955 959 5015 Phrrlrrn,
975 4954 1000 5005 ii.
1015 4958 1063 5013 stu
1092 4954 1228 5023 slfrsrrsown.
1244 4951 1261 5003 i.
1276 4955 1337 5005 3623.
