4716 6428
358 728 428 812 roo
700 722 1023 802 onaouron
1057 722 1133 799 un
1167 718 1460 832 Mamaos.
1576 679 1677 800 an.
1709 726 1815 802 1264.

355 958 413 1020 tur
429 946 527 1045 quod
552 947 787 1044 prenominati
812 949 913 1022 senes
930 945 966 1019 in
983 943 1149 1045 singulari
1172 942 1313 1016 versuta
1334 941 1591 1040 allegationum
1610 941 1816 1044 objectione

355 1068 391 1142 se
413 1078 537 1141 contra
562 1079 673 1141 totam
697 1068 879 1142 civitatem
902 1067 1152 1165 opposuerant,
1171 1063 1266 1163 justo
1287 1061 1358 1136 Dei
1378 1061 1516 1161 judicio
1540 1063 1678 1139 saelum
1703 1064 1755 1140 est
1777 1078 1817 1140 ut

356 1199 455 1262 extra
472 1188 652 1263 civitatem
670 1189 784 1288 perire
802 1186 1000 1261 debuissent
1018 1187 1053 1261 in
1071 1211 1175 1259 curru
1193 1185 1277 1284 igne
1296 1183 1497 1258 vehementi
1517 1186 1677 1260 accenso.

408 1307 450 1382 ln
468 1309 537 1383 hoc
555 1310 664 1384 etiam
678 1308 772 1384 bello
791 1308 903 1409 multa
924 1307 1021 1381 milia
1038 1306 1222 1380 hominnm
1240 1305 1318 1379 sunt
1342 1306 1434 1389 cesa,
1452 1304 1666 1404 pedestrium
1684 1308 1817 1406 pariter

354 1441 391 1505 et
409 1429 634 1528 equestrium.
688 1428 745 1503 Ex
768 1429 837 1503 hoc
854 1427 949 1504 bello
967 1429 1076 1503 frater
1098 1427 1193 1527 regis
1213 1425 1373 1511 Henrici,
1393 1425 1569 1501 Ricardus
1586 1453 1708 1503 comes
1728 1428 1817 1504 Cor-

354 1550 475 1635 nubie,
494 1551 555 1650 qui
574 1563 657 1625 ante
680 1574 816 1649 paucos
834 1549 910 1623 dies
928 1538 1105 1622 diffiderat
1130 1546 1281 1621 barones
1299 1547 1345 1620 ad
1370 1546 1515 1632 bellum,
1534 1548 1720 1648 appellans
1737 1550 1816 1626 illos

355 1673 450 1773 regis
474 1684 510 1746 et
534 1672 633 1772 regni
658 1671 867 1770 proditores,
890 1682 989 1744 metu
1012 1669 1135 1743 mortis
1160 1668 1349 1768 pertaritus
1374 1667 1469 1769 sugit
1492 1668 1527 1743 in
1551 1668 1820 1758 molendinum,s

354 1792 451 1891 quod
465 1792 498 1865 vi
515 1805 700 1866 ventorum
715 1790 899 1865 dicebatur
917 1790 1062 1874 molere,
1077 1788 1248 1862 claudens
1265 1787 1418 1862 hostium
1436 1790 1539 1888 super
1556 1791 1604 1864 se.
1642 1791 1702 1864 Ad
1715 1792 1814 1891 quod
1881 1795 1884 1798 ’

353 1913 523 1987 inclinato
541 1913 599 1986 die
618 1912 701 1987 belli
726 1912 772 1985 ad
790 1913 972 2009 vesperam
996 1908 1213 1984 accesserunt
1238 1906 1402 1994 barones,
1419 1909 1536 1987 valide
1555 1923 1677 1985 contra
1700 1911 1814 2011 ipsum

352 2033 604 2118 acclamantes,
623 2046 645 2078 ‘⁶
658 2031 845 2117 descende,
860 2027 1048 2116 descende,
1062 2028 1205 2131 peffime
1218 2028 1493 2104 molendinario!
1516 2031 1698 2129 egredere,
1712 2057 1812 2133 egre·

353 2153 450 2239 dere,
459 2153 657 2242 molendini
674 2148 842 2253 magister
860 2151 1055 2226 infaustel”
1087 2150 1161 2225 Sed
1176 2161 1213 2224 et
1230 2150 1458 2225 timiditatem
1472 2151 1549 2252 ejus
1563 2164 1599 2226 et
1613 2153 1814 2229 vecordiam

353 2272 498 2349 ulterius
511 2270 765 2375 exprobrantes
779 2273 992 2373 adjungunt,
1010 2272 1133 2373 “quid
1147 2271 1211 2346 tibi
1225 2297 1316 2372 opus
1329 2283 1406 2346 erat
1418 2271 1493 2347 fieri
1506 2266 1813 2361 molendinarium,

352 2396 626 2494 permaximum
649 2395 893 2479 infortunium,
910 2393 972 2492 qui
994 2417 1061 2467 nos
1084 2418 1260 2494 pauperes
1277 2391 1430 2468 barones
1446 2417 1560 2493 nuper
1580 2393 1744 2470 diffidasti
1768 2396 1814 2470 ad

352 2514 503 2601 bellum;
529 2517 590 2615 qui
609 2516 718 2589 etiam
735 2540 807 2589 non
824 2514 951 2588 minori
968 2514 1125 2599 nomine,
1143 2512 1227 2586 dum
1251 2538 1317 2588 nos
1335 2513 1524 2600 diffideres
1543 2514 1735 2591 voluistite
1753 2542 1814 2617 ap·

352 2636 487 2734 pellari,
506 2661 614 2736 quam
632 2637 727 2736 regis
742 2635 985 2709 Romanorum
1003 2646 1039 2709 et
1057 2636 1194 2733 semper
1207 2634 1412 2734 Augusti?”
1442 2634 1575 2710 Fuerat
1592 2637 1688 2711 enim
1705 2639 1814 2737 paulo

352 2767 436 2830 ante
454 2781 515 2830 rex
531 2755 744 2841 Allemanie,
763 2766 907 2856 propter
929 2755 1026 2856 quod
1044 2754 1184 2829 vocavit
1201 2756 1237 2828 se
1254 2756 1391 2854 semper
1403 2754 1617 2856 Augustum,
1636 2769 1673 2830 et
1690 2782 1814 2859 regem

354 2875 607 2952 Romanorum.
662 2877 854 2978 Egreditur
880 2901 966 2976 ergo
993 2875 1167 2950 Ricardus
1192 2874 1236 2950 de
1265 2875 1481 2961 molendino,
1509 2887 1546 2949 et
1573 2874 1762 2951 abducitur
1791 2905 1812 2952 a

351 2995 544 3073 baronibus
562 2998 709 3073 vinculis
723 2997 936 3094 ¹cathenatus
954 2997 989 3070 in
1006 2996 1108 3071 firma
1125 2996 1287 3070 custodia
1304 2994 1527 3071 detinendus.
1563 2994 1621 3071 Ex
1638 3022 1711 3097 qua
1724 2999 1812 3098 quia

350 3119 561 3216 pecuniosus
584 3130 660 3193 erat
678 3117 793 3202 valde,
811 3115 982 3192 liberatus
1005 3116 1057 3191 est
1079 3118 1157 3218 post
1181 3117 1340 3217 quinque
1358 3117 1496 3193 circiter
1518 3117 1657 3193 menses
1674 3143 1738 3218 pro
1758 3145 1812 3194 re·

351 3238 555 3339 demptione
573 3240 737 3340 plurima,
751 3238 916 3313 videlicet
933 3264 998 3338 pro
1011 3239 1094 3339 xvij.
1113 3238 1255 3314 milibus
1272 3238 1369 3312 libris
1385 3237 1645 3339 sterlingorum,
1656 3251 1694 3314 et
1711 3241 1812 3340 quin·

350 3385 421 3460 que
439 3360 581 3435 milibus
598 3360 695 3436 libris
713 3360 789 3434 auri
808 3358 1048 3434 desiderabilis
1066 3359 1230 3435 thesauri.
1391 3376 1414 3415 θ

402 3481 509 3555 Anno
526 3481 673 3556 Domini
691 3481 859 3556 nncclxv.
879 3492 1052 3581 regnante
1066 3482 1170 3556 tertio
1187 3479 1392 3566 Alexandro
1410 3506 1497 3582 rege
1515 3481 1716 3570 Scotorum,
1734 3508 1812 3583 pro·

350 3601 468 3677 retus
486 3601 537 3677 est
560 3603 597 3677 in
615 3602 846 3702 Norwag'iam
869 3601 988 3676 miffus
1011 3601 1057 3676 ab
1076 3601 1204 3677 eodem
1228 3627 1313 3701 rege
1337 3601 1502 3678 dominus
1523 3601 1745 3703 Reginaldus
1766 3603 1812 3679 de

351 3721 535 3824 Roxburg,
549 3723 745 3798 monachus
759 3723 803 3797 de
819 3721 985 3808 Melros,⁸
996 3723 1047 3797 vir
1061 3722 1212 3824 gloriose
1225 3723 1394 3797 facundie
1408 3735 1445 3824 pt
1458 3722 1591 3799 consilii
1608 3726 1809 3825 peroptimi,

350 3868 413 3942 pro
432 3843 658 3942 adipiscenda
675 3856 769 3918 terra
787 3843 831 3917 de
851 3843 1016 3930 Mennia,
1034 3869 1105 3942 que
1123 3844 1206 3917 olim
1225 3843 1325 3943 regio
1343 3845 1550 3930 vocabatur,
1569 3870 1650 3919 cum
1668 3846 1810 3921 minutis

350 3963 469 4037 insulis
499 3963 834 4064 circumjacentibus
858 3964 976 4063 ample
1004 3964 1143 4064 regioni
1170 3964 1387 4039 Scottorum.
1441 3963 1515 4040 Ubi
1542 3990 1624 4040 curn
1652 3964 1808 4050 venisset,

351 4094 520 4181 exceptus
552 4084 603 4158 est
629 4111 650 4157 a
675 4110 762 4184 rege
789 4084 982 4159 honorifice
1011 4085 1181 4170 multum;
1213 4085 1275 4184 qui
1298 4086 1435 4162 faciens
1465 4110 1589 4160 omnes
1619 4095 1808 4187 magnates

252 4216 255 4221 ’
350 4216 441 4278 terre
460 4204 551 4278 illius
570 4205 757 4279 convenire
778 4205 814 4279 in
833 4231 942 4279 unum
960 4204 1007 4280 ad
1025 4205 1242 4304 colloquium
1259 4207 1371 4291 sunm,
1392 4205 1556 4281 tractavit
1574 4230 1655 4280 curn
1676 4204 1744 4280 illis
1761 4206 1808 4280 de

349 4324 469 4399 insulis
486 4325 707 4422 supradictis.
762 4323 804 4399 ln
822 4348 895 4425 quo
913 4326 1068 4400 tractatu
1087 4351 1148 4400 rex
1172 4325 1233 4410 ait,
1251 4326 1350 4425 quod
1372 4326 1523 4401 multum
1540 4324 1725 4426 expediret
1742 4351 1806 4426 pro

349 4471 439 4546 pace
458 4444 639 4530 servanda,
654 4457 693 4519 ut
709 4445 945 4521 venderentur
963 4445 1039 4546 regi
1057 4445 1279 4532 Scottorum;
1303 4448 1400 4547 quod
1418 4472 1499 4522 cum
1517 4445 1691 4523 audissent
1706 4471 1806 4550 mag·

349 4581 453 4642 nates
477 4566 566 4666 ejus,
585 4566 731 4666 quidam
755 4566 981 4652 assenserunt,
999 4567 1146 4666 quidam
1169 4568 1470 4655 contradixerunt,
1497 4570 1549 4645 set
1570 4568 1807 4645 invalescente

396 4707 406 4739 ¹
421 4711 453 4762 Ἀ
466 4719 702 4778 cotemporaneous
715 4691 809 4771 ballad,
824 4709 851 4761 in
864 4708 953 4762 which
965 4709 1012 4763 the
1030 4708 1104 4780 slight
1116 4708 1149 4763 os
1162 4709 1208 4763 the
1226 4708 1288 4780 lring
1300 4709 1332 4764 os
1344 4710 1391 4765 the
1405 4710 1524 4765 Romane
1543 4720 1572 4765 to
1584 4709 1632 4765 the
1644 4709 1770 4764 windmill
1786 4709 1808 4764 ia

347 4793 508 4856 mentioned,
523 4793 570 4847 has
582 4795 651 4847 been
663 4792 768 4863 printed
780 4795 816 4864 by
831 4794 941 4855 Warton,
955 4793 982 4847 in
996 4793 1037 4847 hia
1050 4794 1120 4848 Istat.
1135 4795 1167 4865 qt*
1174 4795 1283 4865 English
1298 4796 1400 4866 Poetry,
1415 4795 1432 4848 i.
1446 4799 1491 4853 47.
1631 4793 1643 4827 ¹
1665 4794 1726 4849 'l'he
1740 4794 1809 4849 Nor·

347 4878 447 4946 wegian
460 4887 573 4931 account
584 4878 617 4931 os
630 4877 682 4931 this
695 4877 854 4947 expedition,
869 4877 1010 4948 published
1026 4879 1061 4949 by
1073 4879 1219 4940 Jolrmtone,
1234 4896 1293 4950 says
1306 4878 1408 4950 simply,
1423 4895 1450 4950 p.
1464 4881 1505 4941 1⁵,
1521 4876 1580 4932 that
1592 4894 1627 4932 an
1643 4876 1808 4932 archdeaoon

348 4961 494 5031 (erkidiakn
507 4963 581 5031 eino)
593 4979 645 5016 was
658 4973 718 5016 sent
729 4962 796 5017 srorn
812 4961 970 5028 Alexander,
982 4962 1035 5018 and
1045 4963 1118 5034 gives
1130 4981 1147 5018 a
1158 4963 1280 5020 different
1292 4962 1426 5033 oolouring
1438 4972 1467 5017 to
1479 4962 1527 5018 the
1536 4961 1624 5018 whole
1635 4961 1806 5018 nausaction.
