4710 6434
613 709 660 773 44
967 695 1287 773 CHRONICA
1322 694 1398 770 DE
1433 694 1726 772 MAlLROS.
1831 701 1933 775 A.D.
1965 708 2072 789 1017.

616 903 811 978 Edwardus
838 927 921 976 vero
945 902 1130 1002 Agatham
1153 903 1262 975 filiam
1283 901 1443 1001 germani
1473 902 1694 1001 imperatoris
1721 898 1868 978 Henrici
1892 907 1929 979 in
1952 911 2072 983 matri·

613 1027 772 1099 monium
800 1023 950 1122 accepit,
979 1048 1023 1096 ex
1052 1049 1123 1122 qua
1152 1020 1420 1122 Margaretamd
1446 1021 1569 1120 postea
1601 1022 1806 1096 Scottorum
1834 1026 2008 1126 reginam,
2036 1042 2072 1103 et

617 1144 829 1219 Christinam
847 1143 1152 1218 sanctimonialem
1169 1142 1354 1243 virginem,
1373 1153 1410 1215 et
1427 1141 1596 1215 clitonem
1613 1139 1817 1244 AEdgarum
1834 1145 1995 1247 suscepit.

666 1264 806 1340 Cnutus
824 1289 885 1337 rex
903 1263 1003 1337 duxit
1019 1263 1055 1336 in
1069 1276 1236 1337 uxorem⁰
1255 1263 1421 1337 Emmam
1440 1262 1621 1359 quondam
1638 1263 1812 1364 reginam,
1830 1290 1874 1340 ex
1892 1293 1964 1366 qua
1979 1266 2072 1343 Har-

614 1386 807 1460 decnutum
824 1383 947 1484 postea
962 1383 1148 1456 Danorum
1166 1394 1202 1457 et
1218 1382 1418 1483 Anglorum
1437 1407 1571 1482 regern,
1589 1395 1626 1456 et
1642 1383 1862 1459 Gunnildam
1878 1386 2071 1487 filiamque

614 1506 729 1606 nupsit
746 1504 869 1605 postea
888 1503 1046 1578 Henrico
1067 1502 1310 1578 Romanorum
1328 1503 1543 1602 imperatori.

666 1627 773 1699 Anno
797 1625 936 1723 mxviij.
962 1626 998 1697 in
1024 1625 1209 1699 nativitate
1238 1623 1384 1697 Domini
1415 1622 1523 1721 [Dec.
1549 1622 1613 1722 25]
1643 1649 1705 1698 rex
1732 1625 1872 1702 Cnutus
1899 1630 2071 1727 perfidum

614 1747 742 1820 ducem
757 1745 927 1819 Edricum
945 1745 1097 1819 Streona
1115 1746 1149 1818 in
1168 1744 1301 1844 palatio
1314 1742 1409 1842 jussit
1422 1742 1563 1827 occidi,s
1577 1744 1638 1842 qui
1656 1744 1806 1819 timebat
1823 1746 1953 1823 insidiis
1967 1749 2070 1824 ab-eo

614 1867 830 1966 quandoque
845 1864 1088 1938 circumveniri
1101 1863 1188 1937 ficut
1201 1865 1334 1963 priores
1348 1862 1481 1937 domini
1495 1863 1558 1949 sui,
1573 1862 1797 1964 Eagelredus
1810 1879 1847 1940 et
1859 1867 2071 1943 Edmundus

613 1990 817 2086 frequenter
841 1988 919 2060 sunt
944 1985 1183 2059 circumventi.
1239 1984 1380 2082 Corpus
1400 2009 1484 2057 vero
1512 1984 1605 2058 illius
1626 1985 1728 2085 super
1755 2011 1895 2062 murum
1919 1990 2070 2064 civitatis

613 2107 737 2207 projici
766 2131 808 2179 ac
836 2105 1049 2205 insepultum
1077 2104 1245 2204 praecepit
1280 2104 1420 2177 dimitti.
1477 2103 1596 2178 Ceteri
1621 2118 1727 2179 vero⁸
1754 2117 1825 2182 tres
1851 2108 1913 2181 filii
1939 2108 2070 2184 ducum

612 2227 749 2302 nobiles
767 2225 839 2300 fine
857 2227 963 2325 culpa
979 2226 1058 2299 sunt
1075 2225 1289 2324 interempti.

664 2347 764 2421 Obiit
784 2344 971 2421 Aldunush
989 2343 1238 2420 Dunelmensis
1255 2345 1451 2444 episcopus.

665 2466 810 2566 Ingensi
827 2465 960 2540 bellum
978 2466 1068 2539 inter
1088 2465 1228 2564 Anglos
1246 2477 1282 2539 et
1304 2465 1448 2539 Scottos
1466 2465 1562 2565 apud
1582 2465 1740 2542 Carham
1757 2472 1902 2570 geritur.

665 2586 774 2685 Angli
792 2597 828 2660 et
848 2584 945 2659 Dani
966 2585 1012 2658 de
1031 2585 1113 2685 lege
1132 2585 1225 2685 regis
1245 2584 1379 2685 Edgari
1401 2585 1556 2660 tenenda
1574 2587 1969 2687 apud'Oxenefordiam
1987 2618 2069 2667 oon·

613 2706 737 2779 cordes
754 2707 833 2778 sunt
851 2705 981 2779 effecti.

664 2826 771 2899 Anno
793 2826 906 2899 mxix.
923 2851 983 2899 rex
996 2824 1197 2926 Anglorum
1216 2837 1252 2900 et
1265 2824 1452 2900 Danorum
1466 2826 1606 2902 Cnutus
1622 2828 1927 2907 Danemarchiam
1945 2833 2068 2908 adiens

612 2946 744 3019 ibidem
762 2972 824 3045 per
842 2956 953 3019 totam
970 2945 1137 3043 hyemem
1154 2944 1289 3047 manfit.

664 3066 771 3139 Anno
799 3091 901 3140 unx.
931 3091 991 3141 rex
1023 3065 1164 3140 Cnutus
1193 3065 1364 3166 Angliam
1392 3065 1530 3140 rediens
1558 3092 1729 3168 magnum
1756 3070 1945 3145 concilium
1972 3075 2069 3170 apud

615 3185 812 3260 Cirecestre
829 3186 864 3258 in
882 3186 1013 3285 pascha
1034 3186 1140 3286 [Apr.
1165 3185 1225 3285 17]
1247 3187 1371 3260 tenuit.

663 3304 896 3379 Edmundus*
914 3306 1061 3405 suscepit
1079 3307 1320 3405 episcopatum
1341 3305 1629 3381 Dunelmensem.

665 3425 765 3499 Obiit
789 3425 964 3526 Liuiugus
988 3424 1270 3500 Dorobemenfis
1288 3425 1584 3526 archiepiscopus,
1603 3429 1660 3501 cui
1676 3428 1902 3529 Agelnothus
1920 3433 1981 3530 qui
1996 3430 2068 3507 Bo·

612 3571 679 3620 nus
696 3546 823 3620 dicitur
840 3546 1008 3620 succeffit.

663 3666 770 3739 Anno
788 3666 903 3763 unxj.
928 3665 1085 3765 Algarus
1106 3666 1329 3739 orientalium
1352 3666 1554 3766 Anglorum
1576 3668 1761 3768 episcopus
1782 3672 1881 3759 obiit,
1904 3672 1960 3748 cui
1981 3670 2067 3747 Ald-

611 3787 719 3859 winus
737 3784 903 3859 successit.
954 3785 960 3795 '

640 4010 652 4040 ⁶
668 4009 729 4062 The
740 4009 883 4079 genealogy
894 4009 927 4063 os
937 4009 1077 4079 Margaret,
1101 4026 1137 4079 up
1158 4018 1187 4062 to
1202 4008 1297 4071 Adam,
1321 4025 1381 4078 may
1393 4010 1427 4061 be
1448 4025 1512 4063 seen
1524 4009 1552 4062 in
1563 4008 1611 4063 the
1635 4008 1669 4063 X.
1687 4009 1840 4079 Scriptores,
1855 4010 1914 4063 coll.
1929 4014 1990 4073 349,
2005 4018 2066 4068 ³50.

612 4093 622 4115 ‘
639 4094 731 4146 About
743 4091 789 4146 the
798 4092 850 4146 end
860 4092 892 4145 os
899 4092 969 4163 tuly,
983 4094 1016 4163 cs.
1031 4093 1191 4146 SaxAEltron.
1204 4110 1232 4162 p.
1248 4096 1308 4146 151.
1330 4094 1357 4145 S.
1371 4094 1493 4146 Dunelm.
1508 4093 1558 4147 ool.
1575 4096 1634 4150 176.
1743 4091 1754 4122 ¹
1769 4092 1829 4147 The
1843 4095 2001 4147 Saaotron.
2016 4098 2069 4150 and

613 4179 640 4229 S.
654 4178 776 4230 Dunelm.
796 4176 871 4246 place
889 4176 942 4231 this
961 4186 1040 4231 event
1058 4175 1085 4229 in
1107 4177 1183 4232 1017.
1292 4175 1403 4229 ‘Their
1420 4194 1512 4230 names
1533 4177 1586 4230 and
1603 4175 1675 4229 titlea
1693 4192 1753 4246 may
1770 4178 1804 4229 be
1822 4193 1885 4229 seen
1906 4177 1932 4229 in
1945 4176 1992 4231 the
2005 4180 2067 4232 Sar.

618 4262 708 4314 Chron.
722 4278 749 4331 p.
766 4263 825 4313 151.
934 4259 1013 4314 hSee
1027 4261 1054 4312 S.
1069 4260 1190 4312 Dunelm.
1205 4276 1232 4328 p.
1249 4261 1308 4312 152.
1417 4259 1459 4290 ¹“
1472 4259 1566 4329 Ingens
1579 4259 1677 4313 bellum
1698 4260 1768 4330 apud
1784 4260 1892 4313 Carrum
1912 4270 2015 4329 gestum
2028 4272 2070 4316 est

612 4345 680 4398 inter
695 4344 801 4398 Scottus
813 4356 841 4397 et
855 4343 964 4413 Anglos‚
978 4342 1047 4395 inter
1060 4342 1225 4395 Huctredum
1242 4340 1324 4395 filiurn
1340 4341 1451 4396 Waldef
1464 4344 1586 4397 comitem
1602 4342 1839 4413 Northymbrorum
1856 4354 1882 4396 et
1898 4342 2069 4399 Malcolmum

612 4426 694 4481 filium
709 4428 815 4498 Cyneth
833 4444 919 4497 regem
934 4428 1093 4489 Scottorum,
1118 4443 1178 4480 curn
1197 4443 1251 4496 quo
1269 4426 1318 4479 fuit
1339 4427 1366 4479 in
1378 4426 1448 4480 bello
1463 4427 1597 4497 Eugeniua
1618 4426 1709 4481 calvus
1731 4443 1777 4479 rex
1790 4426 1999 4481 Lutinensimn.”
2037 4430 2065 4481 S.

612 4513 734 4566 Dunelm.
749 4512 799 4566 col.
816 4514 875 4569 177.
899 4512 949 4564 See
963 4512 1068 4563 Fordun
1080 4510 1097 4563 i.
1112 4514 1174 4563 me.
1215 4509 1239 4563 lt
1260 4509 1282 4563 is
1303 4510 1428 4580 probable
1449 4510 1509 4565 that
1529 4510 1576 4565 the
1589 4528 1668 4564 scene
1689 4508 1722 4563 os
1737 4510 1824 4564 action
1837 4528 1892 4564 was
1907 4511 2024 4575 Carnum,
2039 4530 2069 4566 or

613 4596 735 4657 catham,
750 4595 865 4649 situated
877 4612 949 4665 upon
969 4593 1016 4648 the
1031 4594 1139 4655 Tweed‚
1159 4592 1283 4665 formerly
1294 4593 1341 4647 the
1362 4606 1488 4666 property
1500 4595 1532 4649 os
1542 4594 1644 4649 Walter
1658 4594 1754 4665 Espec,
1775 4594 1832 4648 lonl
1851 4593 1884 4648 os
1894 4595 1985 4657 Wark,
2007 4596 2068 4649 who

611 4681 800 4751 distinguished
813 4678 952 4733 himsell'at
964 4678 1011 4732 the
1023 4678 1105 4733 battle
1118 4678 1150 4731 os
1157 4677 1204 4732 the
1219 4678 1357 4741 Standarm
1381 4680 1435 4735 and
1446 4681 1481 4750 by
1494 4679 1548 4733 him
1560 4696 1614 4732 was
1626 4678 1736 4749 granted
1754 4688 1783 4731 to
1795 4677 1836 4731 his
1848 4678 1935 4748 priory
1947 4678 1979 4733 os
1989 4678 2067 4732 Kirk-

611 4784 663 4821 am.
685 4767 735 4821 See
748 4766 889 4838 pugnet
901 4764 1016 4818 Monate.
1032 4762 1131 4834 anglo.
1145 4762 1171 4816 ii.
1189 4766 1247 4826 105,
1262 4762 1304 4817 ed.
1321 4766 1397 4818 1661.
1507 4763 1518 4794 ¹
1535 4763 1585 4817 See
1598 4765 1626 4816 S.
1640 4763 1761 4817 numtm.
1776 4780 1801 4832 p.
1819 4765 1878 4815 154.
