4716 6428
528 1693 953 1796 CHRONICA
1004 1695 1109 1795 DE
1166 1694 1546 1799 MAILROS.

303 2239 612 2352 POSTQUAM
636 2267 811 2340 veridicus
837 2266 1151 2366 hystoriographus
1179 2278 1215 2338 et
1243 2267 1369 2340 doctor
1398 2268 1560 2351 eximius,
1587 2268 1697 2342 decus
1720 2280 1756 2342 et

302 2386 414 2483 gloria
430 2384 557 2459 nostrae
575 2388 704 2485 gentis,
725 2385 827 2460 Beda
848 2387 1071 2470 venerabilis,
1090 2386 1240 2459 scribere
1259 2386 1412 2470 cessavit,
1437 2411 1508 2459 non
1527 2387 1659 2460 inventi
1678 2389 1756 2461 sunt

301 2505 421 2603 aliqui,
440 2516 614 2604 quantum
632 2505 852 2604 perpendere
870 2507 1063 2605 potuimus,
1082 2506 1168 2578 certi
1186 2506 1242 2578 vel
1260 2505 1417 2578 continui
1436 2506 1618 2591 relatores,
1636 2509 1698 2606 qui
1720 2509 1755 2580 in

302 2648 472 2696 annorum
486 2636 522 2697 et
534 2635 736 2723 temporum
755 2624 940 2698 eventibus
958 2624 1160 2708 recitandis,
1172 2636 1208 2696 et
1226 2624 1272 2696 ad
1285 2622 1525 2696 instruendam
1542 2624 1755 2723 posteritatis

299 2743 423 2816 nostrae
446 2744 684 2842 ignorantiam
703 2755 738 2818 et
762 2743 964 2818 dubietates
982 2744 1096 2816 aetatis
1117 2742 1224 2841 hujus
1242 2743 1386 2815 omnino
1403 2741 1592 2826 tollendas,
1611 2744 1756 2842 qualem

300 2863 451 2947 deceret,
466 2888 611 2961 operam
629 2863 888 2962 impenderent.
935 2860 1044 2948 Quod
1062 2862 1396 2945 animadvertentes,
1415 2872 1589 2960 quantum
1606 2863 1756 2962 pigricia

300 2981 413 3055 nostra
438 2984 620 3081 permittit,
644 2983 902 3081 aliquantulam
921 2983 1083 3057 dedimus
1110 3006 1256 3080 operam
1282 2982 1332 3055 rei
1358 2981 1556 3066 veritatem,
1581 2995 1755 3081 quantum

299 3102 453 3176 sufficere
471 3102 662 3200 potuimus,
682 3103 871 3203 diligenter
888 3103 1071 3201 indagare.
1126 3100 1186 3174 Ab
1204 3126 1248 3174 eo
1266 3102 1373 3200 igitur
1394 3112 1567 3200 tempore,
1584 3101 1622 3174 id
1640 3102 1691 3175 est
1709 3103 1754 3176 ab

299 3220 349 3294 his
367 3222 478 3296 tribus
496 3223 597 3295 annis
615 3222 744 3321 quibus
770 3223 959 3321 praedictus
977 3234 1013 3295 et
1038 3219 1248 3295 venerabilis
1268 3218 1458 3317 Girvenfis
1475 3218 1544 3293 five
1565 3218 1755 3296 Weretmi-

300 3340 440 3415 thenfis⁸
456 3340 657 3415 monasterii
684 3341 863 3440 presbyter
884 3353 920 3414 et
946 3340 1142 3414 monachus
1162 3339 1264 3413 Beda
1280 3341 1388 3414 finem
1410 3341 1496 3413 fecit
1516 3341 1678 3426 recitare,
1703 3343 1752 3416 se-

300 3461 381 3534 riem
399 3472 435 3534 et
462 3459 592 3534 statum
618 3472 831 3559 temporum,
858 3460 1052 3534 breviffime
1078 3472 1211 3543 tamen,
1239 3460 1424 3533 decurrere
1452 3459 1692 3559 aggredimur,
1716 3474 1752 3535 et
1842 3483 1844 3487 ’

302 3579 341 3651 ab
359 3579 463 3679 ipfius
483 3578 594 3655 Bedae
612 3579 727 3654 verbis
745 3580 930 3654 exordium
947 3580 1127 3664 sumimus,
1142 3604 1293 3677 quorum
1310 3580 1403 3651 hanc
1421 3576 1490 3651 else
1508 3580 1659 3651 sormam
1678 3605 1750 3652 cer-

302 3699 417 3773 tissime
434 3699 583 3773 constat.

346 3819 479 3892 llnnob
500 3820 686 3893 dominicae
705 3822 955 3894 incarnationis
973 3817 1281 3919 septingentesimo
1309 3818 1448 3890 xxx⁰.i⁰.
1480 3815 1749 3890 Berhdtwaldus

303 3938 576 4037 archiepiscopus
592 3939 703 4037 longa
721 3940 949 4037 consumptus
967 3951 1072 4010 aetate
1085 3938 1276 4009 defuntus
1294 3935 1345 4009 est
1359 3936 1416 4008 die
1434 3949 1483 4008 v⁰.
1504 3936 1626 4009 iduum
1637 3934 1660 4009 J
1662 3962 1748 4009 anu-

305 4058 369 4140 arii,
382 4055 421 4156 [J
424 4082 481 4131 an.
494 4057 534 4155 9]
549 4058 610 4155 qui
622 4057 711 4131 sedit
725 4082 837 4130 annos
851 4057 979 4130 xxxvii.
993 4056 1129 4129 menses
1140 4056 1186 4127 vi.
1199 4055 1275 4129 dies
1286 4055 1371 4154 xiiij.
1412 4053 1481 4128 Pro
1496 4081 1568 4153 quo
1583 4080 1677 4129 anno
1689 4080 1747 4129 eo-

304 4174 373 4248 dem
383 4177 501 4250 sactus
513 4175 563 4249 est
577 4176 859 4274 archiepiscopus
872 4175 1047 4250 vocabulo
1061 4175 1244 4248 Tatwinus
1262 4175 1307 4247 de
1320 4174 1502 4273 provincia
1516 4173 1746 4260 Marciorum,

305 4318 373 4368 cum
383 4294 499 4368 fuiffet
510 4295 688 4394 presbyter
699 4296 734 4368 in
746 4295 958 4369 monasterio
970 4296 1066 4394 quod
1077 4306 1223 4368 vocatur
1232 4292 1420 4367 Briodun.⁰
1448 4293 1747 4370 Consecratusest

304 4412 333 4482 in
350 4414 544 4488 Dorovemi
558 4414 701 4488 civitate
716 4440 737 4487 a
750 4415 832 4488 viris
849 4414 1110 4488 venerabilibus
1129 4413 1283 4486 Daniele
1301 4413 1495 4497 Wentano‚
1510 4425 1546 4485 et
1563 4412 1745 4512 lngwaldo

308 4528 544 4619 Lundonienfi,
572 4546 608 4608 et
627 4534 766 4608 Alnido
787 4533 1092 4619 Lichesfelderrsr,‘¹
1118 4545 1153 4606 et
1179 4532 1328 4606 Aldulso
1349 4531 1493 4606 Rosenfi
1520 4531 1744 4617 antistitibus,

306 4649 354 4723 die
370 4679 400 4726 x.
418 4652 441 4727 J
443 4655 516 4727 unii
534 4653 673 4739 mensis,
691 4654 891 4739 dominica3
918 4656 968 4728 vir
989 4655 1174 4753 relligione
1192 4663 1228 4725 et
1254 4652 1442 4752 prudentia
1466 4650 1621 4752 infignis‚
1640 4653 1744 4726 sacris

308 4792 434 4870 quoque
450 4774 576 4848 litteris
592 4774 757 4848 nobiliter
778 4774 979 4848 instructus.
1035 4774 1162 4871 ltaque
1174 4773 1209 4845 in
1231 4772 1391 4871 praesenti
1410 4770 1564 4846 ecclefiis
1585 4769 1743 4844 Cantua-

337 4996 600 5058 'Weremuthensis‘l
716 5005 727 5036 ¹³
744 5005 804 5060 The
818 5005 952 5076 following
970 5022 1078 5076 passage
1096 5006 1118 5059 is
1137 5005 1217 5059 taken
1235 5003 1302 5058 from
1321 5003 1368 5056 the
1382 5004 1452 5056 ΗΜ.
1466 5002 1539 5054 Ecct.
1553 5000 1570 5052 l.
1586 5018 1611 5052 v.
1625 5018 1683 5070 cap.
1697 5004 1740 5061 24,

309 5080 353 5131 und
366 5082 408 5138 has
423 5088 489 5141 been
502 5088 616 5142 collated
628 5088 692 5142 with
710 5108 727 5143 a
747 5090 807 5145 MS.
822 5090 854 5144 os
867 5091 914 5145 the
929 5088 1018 5160 eighth
1034 5100 1150 5160 century,
1166 5089 1239 5144 Mus.
1254 5089 1323 5141 Brit.
1340 5086 1469 5145 Tiberius,
1488 5084 1519 5136 C.
1533 5083 1559 5143 ii,
1579 5080 1624 5135 sol.
1641 5085 1737 5137 lost.

310 5159 482 5227 ‘tartaricus
501 5172 619 5243 readings
639 5190 682 5228 are
702 5172 749 5227 the
768 5174 857 5229 result.
968 5171 1140 5228 ‘Briuduum
1251 5169 1395 5225 dAlduiuo
1416 5164 1624 5222 Liccetseldensi.

711 5291 736 5339 Δ
