4716 6428
610 711 658 777 80
961 705 1279 782 CHRONICA
1312 707 1388 782 DE
1426 705 1713 783 MAILROS.
1830 710 1929 785 nl).
1953 714 2060 790 1165.

661 902 872 1015 Tempestas
895 940 1028 1015 magna
1045 917 1112 989 suit
1130 916 1166 988 in
1193 915 1321 989 eodem
1339 916 1458 988 mense
1476 915 1512 986 in
1538 915 1719 1013 provincia
1738 913 1905 991 Eboraci.
1960 919 2064 994 Anti-

607 1061 698 1135 quus
717 1048 836 1110 autem
862 1036 970 1109 hostis
996 1063 1018 1109 a
1035 1036 1154 1110 multis
1171 1036 1262 1109 visus
1277 1035 1328 1108 est
1353 1034 1449 1107 illam
1464 1034 1711 1134 tempestatem
1725 1036 1760 1108 in
1779 1037 1862 1134 equi
1880 1036 2011 1137 nigri*1¹¹
2029 1052 2065 1114 et

606 1157 750 1229 maximi
768 1158 884 1255 specie
911 1156 1122 1257 praecedere,
1151 1168 1186 1228 et
1204 1158 1340 1255 semper
1361 1155 1407 1228 ad
1425 1179 1523 1228 mare
1540 1155 1712 1255 fugiendo
1731 1181 1933 1255 properare,
1951 1161 2064 1257 perse·

607 1288 740 1374 quente
758 1276 817 1348 illo
835 1277 975 1375 sulgure
994 1288 1030 1349 et
1048 1276 1202 1349 tonitruo
1221 1301 1301 1348 cum
1321 1275 1503 1349 horrendis
1529 1273 1730 1373 fragoribus
1748 1288 1784 1349 et
1802 1278 1922 1352 omnia
1940 1278 2064 1353 devas-

607 1408 706 1471 tante
724 1397 918 1495 grandine:
945 1396 1093 1495 vestigia
1110 1421 1193 1468 vero
1211 1395 1373 1494 praedidti
1391 1395 1474 1493 equi
1501 1394 1611 1492 iniqui
1630 1396 1783 1469 enormis
1808 1397 2064 1496 magnitudinis

606 1517 685 1590 sunt
703 1528 854 1614 reperta,
873 1516 1025 1589 maxime
1044 1540 1126 1589 vero
1146 1514 1190 1587 de
1204 1527 1324 1588 monte
1343 1514 1463 1612 oppidi
1482 1511 1744 1588 Scardeburchi
1760 1516 1887 1589 saltum
1906 1517 1952 1590 ad
1966 1542 2063 1591 mare

607 1635 717 1719 dedit,
736 1633 796 1709 ubi
816 1661 860 1708 an
878 1635 1015 1734 singula
1032 1634 1181 1733 vestigia
1192 1647 1281 1708 tetre
1295 1633 1382 1707 sosse
1395 1634 1431 1705 in
1450 1633 1561 1706 altum
1579 1632 1737 1731 depressa
1754 1646 1957 1732 patuerunt.
1980 1636 2061 1722 Que

607 1757 796 1854 tempestas
815 1755 999 1829 consumsit
1017 1779 1127 1828 unum
1148 1754 1390 1827 molendinum
1408 1778 1487 1827 cum
1516 1753 1794 1829 inhabitantibus
1812 1756 1914 1852 super
1931 1756 2063 1829 flumen

610 1875 772 1960 Sabrine,
797 1888 947 1973 excepto
973 1900 1044 1946 uno
1071 1874 1258 1958 monach0‚
1285 1875 1346 1971 qui
1373 1898 1435 1972 per
1460 1872 1674 1946 ineffabilem
1693 1873 1763 1949 Dei
1789 1874 2063 1948 misericordiam

607 1994 759 2069 salvatus
777 1995 827 2068 eii
853 1995 898 2067 de
921 1993 1109 2078 incendio;
1137 1994 1182 2066 ad
1208 1993 1398 2066 multorum
1416 2018 1500 2066 vero
1525 1992 1775 2068 discrecionem
1802 2007 1838 2067 et
1863 1993 2063 2069 indubitate

607 2114 679 2213 spei
698 2114 996 2199 consolationem3
1022 2114 1249 2211 maximeque
1268 2111 1314 2186 ad
1331 2114 1455 2187 summi
1479 2113 1635 2187 tonantis
1652 2113 1796 2188 laudem
1813 2115 2010 2189 monachus
2028 2130 2063 2190 et

608 2235 685 2334 ejus
703 2237 882 2308 servantur
900 2235 1008 2308 illesa.

660 2354 760 2453 Papa
785 2355 990 2427 Alexander
1013 2354 1058 2428 de
1083 2354 1209 2428 Galliis
1234 2353 1387 2428 Romam
1413 2356 1569 2429 reversus
1592 2354 1655 2439 est,
1679 2353 1800 2453 ibique
1824 2379 1906 2428 cum
1931 2379 2062 2455 magna

607 2475 720 2575 gloria
738 2485 908 2574 exceptus
926 2475 988 2558 est,
1003 2486 1039 2546 et
1057 2475 1215 2548 universa
1228 2476 1303 2547 sere
1324 2473 1428 2547 ltalia
1442 2485 1478 2547 et
1498 2474 1629 2549 Tuscia
1642 2499 1723 2547 cum
1738 2474 2064 2551 Mediolanensrbus

607 2595 705 2667 illum
723 2594 911 2692 suscipiens
929 2594 1135 2668 schismatici
1154 2594 1348 2667 dominium
1367 2596 1581 2693 spreverunt.

659 2711 759 2786 Obiit
777 2713 834 2812 pie
852 2715 1021 2788 memorie
1041 2713 1256 2788 Malcolmus
1272 2741 1333 2788 rex
1352 2715 1539 2788 Scotorum
1559 2714 1654 2814 apud
1669 2713 1898 2800 Gedewurth,
1917 2728 1967 2788 x.⁰
1984 2716 2063 2790 idus

608 2832 819 2907 Decembris
833 2833 942 2932 [Dec.
962 2833 1126 2932 9]quod
1140 2834 1258 2907 evenit
1275 2859 1307 2907 v.
1326 2835 1427 2919 seria,
1443 2860 1536 2907 anno
1555 2834 1660 2908 etatis
1678 2836 1747 2908 suae
1761 2847 1872 2919 xx⁰v⁰,
1890 2836 2063 2937 regnique

607 2954 684 3051 ejus
710 2978 803 3026 anno
822 2953 901 3052 xij.¹‘
927 2954 1027 3052 cujus
1054 2979 1181 3053 corpus
1206 2954 1397 3027 honorifice
1425 2952 1470 3026 ab
1498 2952 1662 3027 omnibus
1692 2954 1848 3052 personis
1876 2957 1986 3054 usque
2016 2956 2062 3029 ad

608 3072 857 3147 Dunsermelin
883 3073 1041 3147 delatum
1064 3073 1250 3173 sepelitur3
1286 3074 1342 3147 cui
1369 3071 1528 3147 successit
1554 3072 1756 3147 Willelmus
1778 3075 1886 3147 srater
1912 3075 2000 3174 ejuS,
2026 3077 2061 3150 in

606 3192 726 3292 vigilia
744 3192 872 3267 natalis
892 3193 1042 3266 Domini
1055 3192 1171 3293 [Dee.
1191 3192 1271 3292 24]‚
1290 3218 1387 3266 more
1405 3194 1504 3292 regio
1528 3193 1688 3267 elevatus
1705 3194 1742 3266 in
1759 3219 1920 3294 regnum.

655 3311 755 3387 Ordo
776 3312 1114 3387 Praemonssratenfis
1131 3314 1227 3387 venit
1245 3312 1291 3386 ad
1311 3312 1618 3386 Blanchelande.¹¹¹
1896 3311 1897 3315 ’

652 3431 836 3507 Johannes
856 3432 983 3507 Abbas
1004 3432 1210 3507 Calkoensrs
1224 3434 1318 3507 venit
1337 3434 1381 3506 de
1402 3432 1518 3506 Roma
1535 3433 1728 3507 mitratus.¹¹

654 3551 763 3626 Anno
786 3553 947 3652 mclxvj.
976 3579 1036 3628 rex
1065 3554 1197 3653 Anglie
1227 3552 1403 3627 Henricus
1429 3553 1678 3638 transfretavit,
1707 3578 1815 3652 quem
1843 3554 1890 3629 ob
1915 3558 2062 3657 negotia

604 3672 736 3745 domini
755 3673 893 3777 sui'rex
915 3673 1104 3746 Scotorum
1125 3672 1325 3747 Willelmus
1352 3675 1492 3747 secutus
1510 3672 1590 3758 est,o
1615 3684 1652 3746 et
1675 3674 1710 3747 in
1729 3676 1966 3751 transmarinis
1984 3703 2061 3776 par·

604 3791 697 3866 tibus
716 3791 927 3889 quibusdam
945 3793 1149 3866 militiarum
1166 3792 1401 3891 probitatibus
1420 3793 1627 3877 attemtatiS,
1650 3793 1768 3867 statim
1786 3794 1900 3869 rediit.

654 3909 755 3986 Obiit
773 3938 893 3986 comes
912 3911 1174 4011 Gospatricus,p
1193 3913 1250 3985 cui
1268 3911 1425 3986 successit
1447 3911 1644 3987 Waldevus
1661 3913 1753 3988 filius
1770 3914 1857 4012 ejus.

638 4128 666 4161 ¹²¹*
682 4128 830 4199 According
841 4139 870 4183 to
883 4132 923 4183 M.
936 4131 1020 4193 Paris,
1032 4148 1058 4200 p.
1073 4133 1131 4193 151,
1143 4128 1190 4183 the
1200 4130 1269 4184 davil
1281 4131 1420 4201 appeared,
1430 4130 1457 4183 in
1469 4133 1546 4191 1206.
1556 4129 1638 4183 inthe
1650 4128 1716 4184 sorm
1725 4127 1758 4184 os
1764 4147 1782 4184 s
1791 4126 1869 4184 buck
1879 4143 1960 4182 mare.
1995 4125 2061 4180 This

601 4214 623 4265 is
636 4212 692 4265 also
705 4230 756 4265 one
769 4213 801 4266 os
808 4212 855 4267 the
867 4212 964 4284 shapes
976 4213 1096 4283 assigned
1108 4224 1137 4267 to
1150 4211 1204 4266 him
1217 4214 1310 4284 hythe
1322 4214 1434 4284 popular
1451 4214 1635 4285 superstitious
1647 4213 1680 4267 of
1689 4214 1832 4283 Germany.
1967 4210 1974 4241 ¹
1991 4210 2062 4264 Now

604 4297 795 4367 Scarborough.
904 4298 916 4328 ¹¹
932 4297 998 4352 This
1011 4299 1073 4352 date
1085 4298 1133 4352 hos
1152 4299 1286 4370 originally
1298 4300 1365 4353 been
1384 4300 1437 4369 xiij.
1451 4301 1500 4353 but
1517 4298 1564 4352 the
1576 4298 1628 4352 last
1640 4298 1759 4353 numeral
1771 4298 1819 4352 has
1831 4298 1900 4352 been
1917 4296 2062 4358 erased5-

602 4388 620 4413 ‘⁸
633 4392 661 4435 et
670 4381 875 4436 dimidio¹'-has
886 4383 951 4436 then
961 4384 1029 4438 been
1041 4383 1135 4446 added,
1150 4383 1237 4437 which
1251 4384 1298 4437 has
1311 4382 1462 4437 aaerwnds
1475 4384 1543 4438 been
1555 4383 1646 4438 struck
1655 4382 1779 4453 through.
1812 4383 1917 4436 Fordaa
1929 4398 1989 4452 says
2001 4378 2061 4434 that

602 4464 637 4518 he
661 4465 767 4534 reigned
786 4467 883 4520 twelve
901 4484 985 4537 years,
1008 4466 1083 4521 three
1102 4467 1209 4521 months
1234 4467 1288 4520 and
1311 4485 1393 4521 seren
1417 4468 1490 4539 days,
1516 4468 1534 4521 i.
1560 4470 1623 4525 457.
1732 4466 1809 4521 ¹See
1827 4467 1941 4526 Fordaa,
1958 4464 1976 4518 i.
1996 4466 2059 4517 458.

602 4546 622 4573 ”¹
637 4549 667 4602 ln
682 4547 845 4620 Normandy.
878 4553 989 4604 Mandat.
1004 4550 1103 4621 Anglie.
1117 4551 1144 4603 ii.
1160 4555 1237 4613 1015,
1252 4552 1314 4605 edit.
1331 4554 1408 4605 1661.
1517 4550 1531 4574 “
1547 4551 1758 4605 Seeanextract
1769 4546 2058 4619 honthepspubull.

600 4633 710 4687 relative
722 4644 751 4687 to
763 4633 816 4687 this
828 4644 911 4703 grant,
926 4634 952 4686 in
965 4632 1012 4687 the
1025 4634 1141 4688 Monuit.
1151 4635 1218 4688 Ana.
1233 4652 1259 4705 p.
1273 4638 1317 4697 82,
1332 4634 1421 4689 where
1434 4635 1454 4688 it
1466 4635 1488 4688 is
1500 4634 1604 4706 printed
1616 4634 1683 4688 from
1695 4634 1743 4689 the
1757 4632 1914 4703 chartulam
1925 4630 1958 4685 os
1967 4629 2058 4685 Kelso.

601 4715 614 4740 ⁶
629 4718 743 4779 Fordun,
757 4718 775 4772 1.
786 4721 847 4780 458,
861 4721 931 4778 459;
952 4718 1049 4771 Hoved.
1064 4717 1109 4773 sol.
1123 4722 1185 4772 289.
1313 4718 1325 4749 r
1346 4718 1413 4772 'l'his
1425 4736 1480 4772 was
1495 4718 1644 4790 Gospstric,
1658 4717 1706 4773 the
1718 4717 1807 4772 sourth
1820 4715 1852 4772 os
1859 4716 1906 4772 the
1918 4732 1996 4771 name
2008 4712 2061 4769 and

600 4799 670 4855 third
682 4801 753 4864 sarh
767 4802 893 4873 Doagiar,
907 4801 933 4856 ii.
949 4802 1017 4863 1673
1038 4802 1152 4867 Pardua,
1165 4802 1183 4857 i.
1196 4805 1258 4865 459,
1280 4802 1378 4857 Hovcd.
1392 4801 1437 4857 sol.
1451 4805 1513 4857 289.
