4716 6428
313 680 543 756 001014.
667 676 986 754 CHRONICA
1019 678 1095 752 DE
1133 677 1424 755 MAILROS.
1706 691 1775 759 115

360 891 551 989 Dompnus
573 886 774 961 Willelmus
800 888 989 962 celerarius
1013 888 1058 961 de
1081 888 1217 964 Melros
1240 891 1378 965 clectus
1402 892 1453 966 est
1476 894 1511 966 in
1535 894 1703 969 abbatem
1729 898 1774 971 de

312 1010 1061 1204 611111110000110001011010001οΜ0110
1085 1129 1130 1202 de
1157 1128 1281 1205 Hau'ic
1308 1158 1329 1204 a
1356 1131 1512 1232 dompno
1538 1133 1774 1235 aepiscopo

361 1371 556 1469 Dompnus
583 1369 696 1443 abbas
726 1368 964 1443 Cistcreiensis
990 1368 1194 1443 visitationis
1223 1372 1282 1444 sne
1309 1374 1425 1471 gratia
1450 1373 1485 1445 in
1515 1372 1686 1474 Angliam
1714 1376 1774 1450 ad-

307 1492 414 1566 venit.

360 1609 460 1684 Obiit
477 1611 536 1710 pie
553 1610 724 1683 memorie
742 1607 764 1682 J
767 1610 926 1682 ohannes
944 1609 1129 1707 episcopus
1147 1609 1193 1682 de
1212 1610 1446 1697 Dunkelden,
1469 1638 1583 1688 nonas
1604 1613 1772 1690 Octobris

311 1730 411 1830 [Oct.
432 1731 486 1830 7],
508 1731 711 1829 postquem
730 1730 867 1803 clectus
881 1729 931 1801 est
952 1728 1075 1829 Ilugo,
1094 1729 1212 1803 dictus
1230 1731 1275 1803 de
1294 1730 1418 1829 sigillo.

358 1851 547 1951 Dompnus
568 1850 706 1924 Alanus
731 1848 843 1923 abbas
871 1848 916 1922 de
941 1849 1127 1934 Neubotil,
1155 1850 1278 1923 humili
1303 1853 1492 1927 devotione
1522 1855 1568 1927 ad
1594 1857 1771 1954 propriam

307 1972 452 2045 domum
470 1974 568 2045 suam
590 1971 742 2055 rediens,
761 1996 883 2044 curam
900 1971 1081 2069 regiminis
1108 1971 1142 2042 in
1161 1972 1317 2069 capitulo
1336 1972 1536 2069 resignavit,
1558 1975 1629 2073 viij.
1650 1976 1770 2049 kalen·

308 2092 373 2166 das
390 2093 487 2166 Junii
509 2092 615 2192 [Maij
636 2091 716 2189 25]‚
735 2091 791 2163 cni
811 2090 966 2165 suecessit
984 2090 1160 2189 dompnus
1189 2090 1362 2165 Ricardus
1388 2094 1589 2169 cellerarius
1612 2096 1768 2195 ejusdem

309 2211 448 2286 domus.

360 2333 508 2406 Intravit
530 2332 699 2433 magister
721 2331 926 2431 Stephanus
951 2330 1232 2429 archiepiscopus
1254 2330 1516 2407 Cantuariensis
1540 2334 1575 2406 in
1599 2334 1769 2435 Angliam

309 2454 398 2527 inter
414 2452 545 2551 pascha
563 2467 599 2527 et
617 2451 845 2551 pentecosten
863 2451 973 2549 [Mar.
987 2451 1176 2549 30-Maij
1197 2450 1272 2549 18],
1292 2452 1534 2527 exultantibus
1552 2454 1716 2529 omnibus
1733 2469 1769 2530 et

307 2574 517 2659 dicentibus,
536 2586 560 2620 ‘⁶
574 2573 793 2647 Benedictus
811 2572 872 2671 qui
890 2571 985 2644 venit
1003 2571 1038 2643 in
1056 2572 1199 2645 nomine
1221 2571 1422 2645 Dornirri.’'⁰

359 2694 514 2767 Ccsl'avit
533 2694 761 2768 interdictum
780 2694 816 2765 in
837 2690 972 2789 Anglia
990 2692 1084 2765 circa
1102 2690 1275 2764 kalendas
1292 2691 1377 2765 Julii
1400 2692 1437 2790 [J
1441 2693 1487 2767 ul.
1512 2694 1562 2793 l].

357 2813 483 2889 Missus
501 2814 552 2887 est
570 2816 605 2887 in
627 2813 796 2912 Angliam
816 2812 962 2911 quidam
981 2837 1024 2885 ex
1049 2812 1184 2885 clericis
1208 2812 1340 2884 domini
1368 2837 1473 2911 pape,
1494 2813 1691 2887 l’andulfns
1708 2840 1770 2887 no·

307 2934 427 3019 mines
441 2946 481 3007 ut
499 2960 559 3007 cor
577 2935 671 3033 regis
690 2934 862 3007 emolliret
882 2944 917 3005 et
936 2932 981 3005 ad
1001 2932 1276 3005 satisfactionem
1295 2957 1490 3029 congruam
1508 2934 1683 3020 suaderet,
1708 2936 1768 3033 qui

308 3055 496 3153 compacta
515 3079 582 3128 000
600 3054 748 3152 peracta
766 3079 855 3151 pace
876 3052 1029 3125 Romam
1047 3051 1161 3125 rediit.
1219 3052 1258 3124 lu
1278 3052 1378 3149 cujus
1396 3052 1511 3126 reditu
1529 3054 1647 3127 missus
1665 3054 1716 3127 est
1734 3066 1769 3127 et

309 3173 397 3247 alius
411 3176 462 3248 vir
472 3175 619 3272 quidem
632 3199 764 3273 magne
776 3172 963 3271 opinionis,
975 3172 1118 3245 nornine
1131 3171 1170 3245 N
1171 3171 1341 3254 iclrolaus,
1353 3172 1561 3269 professione
1574 3173 1769 3247 monachus

311 3292 560 3379 Cisterciensis,
579 3294 695 3367 oslicio
714 3295 869 3366 summus
887 3292 1078 3389 apostolice
1097 3291 1187 3364 sedis
1204 3292 1454 3389 penitentialis,
1474 3292 1519 3364 ad
1538 3292 1605 3366 lroc
1624 3292 1769 3391 quidem

308 3411 428 3486 missus
444 3424 484 3485 ut
500 3414 721 3512 prolocutam
738 3414 890 3486 formam
908 3412 1006 3510 pacis
1024 3412 1213 3510 legationis
1232 3413 1290 3484 sue
1305 3412 1519 3484 auctoritate
1533 3414 1767 3497 confirmaret,

309 3544 345 3605 et
364 3556 524 3631 congrua
548 3532 787 3607 satisfactione
813 3534 974 3629 suscepta
1000 3532 1112 3629 ipsum
1138 3556 1259 3629 regem
1290 3530 1335 3603 ab
1365 3531 1602 3604 anathematis
1629 3532 1768 3606 vinculo

309 3651 517 3725 absolveret.
572 3652 718 3726 Interim
736 3663 858 3726 autem
878 3651 1063 3750 Philippus
1086 3676 1146 3724 rex
1175 3650 1324 3723 Francie
1343 3651 1430 3723 haut
1448 3650 1595 3724 dubium
1613 3652 1698 3750 quin
1717 3652 1768 3725 di·

308 3772 389 3845 vina
408 3771 630 3871 dispositione
649 3772 835 3857 excitatus,
861 3771 1027 3844 advorsus
1045 3796 1127 3843 eum
1147 3796 1228 3843 cum
1246 3772 1342 3842 omni
1369 3771 1505 3869 impetu
1524 3772 1699 3845 exercitus
1717 3773 1767 3846 sui

307 3894 490 3994 insurgens
516 3894 625 3967 etiam
652 3897 762 3993 nsque
789 3894 835 3967 ad
861 3920 959 3967 mare
981 3894 1173 3991 Anglicum
1201 3904 1441 3992 perveneram
1496 3893 1625 3967 Sedet
1650 3893 1768 3992 supra·

307 4013 423 4089 dictus
437 4015 504 4088 Pa*
516 4014 661 4113 simplex
672 4013 888 4113 prophetaiu
902 4014 1030 4087 faciem
1045 4014 1346 4112 regisinproperia
1360 4014 1603 4113 exarggeravit,
1618 4025 1654 4087 et
1668 4015 1767 4113 regie.

309 4133 492 4234 dignitatis
519 4135 736 4209 amissionem
763 4133 962 4207 constanter
991 4134 1207 4233 praedicarit,
1226 4146 1262 4205 et
1279 4134 1364 4231 quia
1383 4133 1473 4206 silius
1500 4132 1593 4206 bone
1611 4134 1767 4207 mulieris

308 4254 384 4352 post
401 4280 484 4327 eum
509 4266 722 4353 regnaturus
740 4254 826 4327 esset
852 4254 1042 4339 intimavit3
1070 4253 1167 4353 quod
1185 4253 1321 4326 dictum
1348 4252 1418 4327 esse
1444 4253 1489 4327 de
1514 4252 1658 4327 domino
1685 4253 1767 4327 Phi-

308 4373 416 4472 lippo,
436 4375 557 4448 sancte
575 4375 697 4447 matris
715 4374 861 4447 ecclesie
879 4374 963 4458 silio,
982 4373 1202 4446 arbitramur.
1258 4373 1292 4446 T
1294 4398 1352 4447 am
1369 4373 1554 4471 multiplici
1573 4374 1681 4473 igitur
1698 4385 1766 4447 ter·

308 4517 385 4567 rore
413 4494 630 4592 perterritus,
658 4494 694 4567 in
724 4493 879 4567 adventu
906 4492 1097 4591 supradicti
1123 4492 1322 4576 cardinalis,
1351 4491 1436 4565 Deo
1455 4504 1491 4565 et
1514 4493 1636 4566 sancte
1663 4494 1766 4566 matri

308 4612 454 4687 ecclesie
471 4612 633 4688 Romane
647 4625 683 4687 et
696 4615 832 4688 summo
850 4613 1006 4712 pontifici
1019 4612 1228 4711 humagium
1242 4614 1341 4685 suum
1356 4624 1391 4685 ct
1405 4612 1505 4711 regni
1516 4613 1567 4686 sui
1579 4612 1766 4711 subjectio·

342 4858 354 4885 '
371 4860 519 4929 According
529 4870 560 4915 to
572 4860 617 4914 M.
634 4862 718 4924 Parsa,
732 4860 767 4914 he
779 4859 903 4913 returned
915 4868 944 4911 to
958 4856 1079 4927 England
1090 4858 1117 4910 in
1130 4856 1247 4926 January
1261 4859 1345 4916 121&
1365 4874 1391 4925 p.
1409 4859 1467 4909 162.
1598 4853 1608 4885 ¹
1622 4856 1764 4925 Knyglrtorr,

307 4942 459 5007 cotan&
478 4946 523 4999 M.
539 4946 624 5007 Paris,
643 4963 669 5015 p.
689 4948 748 4999 163.
857 4944 870 4975 ¹
890 4942 966 5013 Vellp,
981 4942 1016 4994 iii.
1031 4944 1098 5003 4b'73
1122 4942 1248 5012 alopeciis,
1263 4940 1289 4993 ii.
1302 4941 1369 5001 17o;
1391 4939 1482 5001 L'rlrs,
1491 4938 1509 4993 1.
1518 4942 1586 5001 581;
1610 4940 1724 5003 Fonsuu,
1738 4939 1764 4992 11.

310 5029 351 5089 ll,
365 5028 409 5081 20.
519 5032 532 5059 ·
548 5028 592 5083 00
604 5027 651 5082 the
669 5028 776 5099 margin,
799 4994 922 5082 ί’10100
936 5026 1078 5079 Eremitn.¹'
