4716 6428
605 684 673 757 126
951 677 1270 755 CHRONICA
1303 677 1379 752 DE
1418 677 1706 753 MAILROS.
1824 679 2061 759 A.D.1·216.

600 895 688 980 salli,
707 907 808 968 tanto
828 892 957 965 certius
975 915 1020 964 ea
1037 915 1108 988 que
1126 888 1283 963 veritatis
1301 912 1362 962 ore
1388 885 1561 987 praedicta
1578 888 1669 970 sunt,
1692 885 1769 985 jam
1786 886 1824 959 in
1841 899 1944 985 parte
1962 888 2064 964 suiffe

600 1016 757 1114 impleta,
776 1024 812 1087 et
830 1037 900 1111 que
916 1010 1048 1085 restant
1061 1010 1183 1109 procul
1202 1008 1311 1082 dubio
1329 1007 1508 1082 credenda
1521 1009 1600 1081 sunt
1614 1006 1683 1080 else
1702 1006 1926 1106 complenda.
1964 1008 2065 1084 Veri-

600 1136 683 1209 tatis
696 1133 868 1233 fiquidem
882 1156 954 1216 ore,
962 1130 1050 1204 teste
1065 1128 1315 1229 Euangelista‚
1330 1128 1457 1202 scimus
1470 1127 1570 1201 fuisse
1582 1126 1803 1225 pradictum,
1816 1140 1839 1171 ‘⁶
1851 1141 1954 1203 erunt
1965 1128 2065 1231 ligna

602 1256 636 1327 in
650 1254 721 1327 sole
740 1266 777 1327 et
793 1253 878 1326 luna
890 1264 926 1324 et
937 1251 1056 1335 stellio,
1075 1262 1110 1323 et
1128 1250 1163 1323 in
1183 1250 1283 1323 terris
1299 1247 1454 1347 pressura
1472 1248 1632 1347 gentium
1651 1273 1724 1346 prae
1738 1248 1956 1336 confusione,
1974 1252 2064 1325 soni-

600 1388 657 1448 tus
674 1374 781 1448 maris
799 1384 835 1446 et
853 1374 1048 1445 fluctuum”
1069 1382 1137 1444 etc.
1193 1370 1287 1443 Cum
1314 1368 1421 1468 igitur
1438 1367 1546 1442 nichil
1564 1368 1600 1440 in
1623 1379 1729 1453 terra,
1748 1370 1946 1469 quamlibet
1962 1371 2064 1445 mini·

600 1520 710 1579 mum,
728 1494 799 1568 fine
818 1493 923 1568 causa
941 1492 1015 1576 liat,
1034 1502 1169 1565 certum
1188 1489 1238 1562 est
1256 1489 1353 1588 quod
1370 1514 1438 1563 nec
1456 1488 1593 1587 majora
1611 1487 1683 1563 fine
1701 1490 1828 1589 majori
1854 1492 1961 1565 causa
1983 1517 2064 1592 pro·

602 1616 756 1689 veniant.
813 1615 964 1713 Signum
982 1613 1090 1711 igitur
1107 1635 1292 1710 magnum,
1311 1610 1419 1683 immo
1437 1608 1538 1708 ligna
1563 1609 1665 1708 plura
1683 1621 1719 1684 et
1741 1611 1973 1710 permaxima,
1992 1638 2064 1711 que

602 1761 713 1835 nuper
731 1736 766 1808 in
784 1734 944 1834 partibus
960 1732 1159 1807 Galuethie
1174 1742 1426 1830 apparuerunt,
1445 1729 1508 1803 sub
1523 1742 1658 1829 quanta
1675 1732 1776 1829 potui
1794 1731 1968 1807 brevitate
1985 1758 2063 1833 per·

602 1855 787 1955 stringens
811 1854 989 1928 sanstitati
1007 1853 1120 1927 vestre
1146 1852 1381 1925 transmittere
1407 1851 1562 1949 curavi.¹
1594 1851 1702 1938 Quod
1728 1852 1931 1927 nullatenus
1955 1854 2065 1929 tantis

601 1988 747 2074 tamque
771 1974 982 2049 venerandis
1000 1973 1081 2047 viris
1099 1974 1218 2047 facere
1237 1970 1510 2071 praesumfilsem,
1537 1970 1600 2045 nisi
1624 1973 1760 2047 cercius
1778 1972 1823 2047 de
1849 1974 2066 2049 conscientia

601 2121 724 2169 eorum
741 2095 826 2169 mihi
845 2095 1032 2180 constaret,
1050 2094 1111 2193 qui
1126 2093 1298 2193 praedicta
1310 2091 1409 2192 signa
1427 2092 1575 2191 propriis
1586 2093 1698 2167 oculis
1711 2092 1887 2180 viderunt,
1900 2106 1937 2169 et
1948 2097 1998 2170 rei
2012 2120 2066 2170 or·

601 2216 721 2290 dinem
739 2241 800 2290 ore
818 2215 973 2289 veridico
993 2216 1027 2287 in
1054 2215 1241 2314 praesentia
1266 2213 1383 2287 nostra
1402 2224 1438 2287 et
1460 2213 1653 2287 multorum
1670 2226 1914 2289 narraverunt.
1970 2216 2065 2291 Con·

600 2337 680 2436 tigit
699 2337 806 2435 igitur
824 2337 1029 2409 conversum
1048 2334 1228 2433 quendam
1246 2334 1378 2408 ordinis
1395 2333 1514 2419 nostri,
1542 2334 1655 2407 virum
1671 2336 1940 2435 morigeratum,
1959 2336 2064 2411 sobri·

600 2481 673 2541 um,
700 2455 834 2529 castum
861 2468 897 2529 et
925 2455 1074 2554 probate
1098 2456 1181 2529 satis
1203 2455 1397 2554 religionis,
1425 2454 1491 2527 iter
1518 2456 1650 2540 facere,
1675 2455 1733 2530 die
1760 2455 1926 2531 videlicet
1952 2458 2065 2532 saneti

604 2574 779 2648 Ambrosii
798 2575 952 2674 episcopi
970 2575 1005 2648 in
1020 2574 1169 2649 crastino
1187 2575 1398 2672 palmarum,
1416 2574 1530 2673 pridie
1543 2599 1581 2649 u.
1599 2575 1731 2674 Aprilis
1748 2574 1855 2675 [Apr.
1869 2576 1925 2675 4]‚
1942 2578 2066 2651 luna⁰⁰

603 2695 690 2792 xiij⁸.
710 2694 746 2767 in
764 2695 881 2769 nostis
899 2695 1116 2794 crepuscul0,
1144 2707 1180 2768 et
1198 2696 1301 2769 ecce!
1328 2695 1537 2793 respiciente
1555 2695 1727 2795 praedicto
1745 2698 1925 2781 converso,
1944 2696 2065 2771 lunam

602 2814 744 2912 plenam
762 2814 849 2887 vidit
867 2827 903 2888 et
926 2814 1127 2900 rotundam,
1146 2826 1182 2889 et
1206 2815 1322 2888 statim
1340 2815 1375 2888 in
1394 2816 1469 2913 ipsa
1485 2815 1574 2889 hora
1591 2814 1690 2915 quasi
1712 2814 1890 2889 funiculus
1917 2816 2064 2914 quidam

601 2935 703 3034 niger
721 2946 757 3008 ot
775 2933 992 3034 subpallidus
1018 2935 1140 3008 lunam
1165 2935 1202 3008 in
1220 2935 1310 3009 duas
1328 2934 1440 3009 divisit
1466 2947 1596 3034 partes.
1652 2935 1778 3009 Sedet
1801 2935 1952 3034 nigredo
1975 2962 2063 3035 prae·

602 3053 689 3129 dieti
707 3054 854 3129 funiculi
867 3056 902 3128 in
915 3055 1071 3130 mediam
1088 3067 1226 3154 partem
1243 3056 1412 3154 luneque
1429 3058 1547 3131 versus
1561 3055 1765 3155 aquilonem
1782 3066 1871 3140 erat,
1888 3056 1924 3131 se
1937 3055 2063 3131 diffun-

602 3175 702 3259 dens,
727 3176 837 3274 ipsam
855 3188 993 3275 partem
1014 3176 1097 3250 lune
1115 3176 1306 3276 nigriorem
1325 3187 1361 3250 et
1384 3177 1606 3276 pallidiorem
1624 3188 1744 3251 cetera
1761 3186 1862 3275 parte
1880 3176 2008 3263 effecit,
2027 3190 2063 3252 et

600 3295 717 3370 statim
736 3295 834 3395 quasi
852 3296 887 3369 in
905 3296 981 3370 ictu
999 3297 1092 3370 oculi
1110 3323 1192 3397 pars
1209 3298 1285 3396 ipsa
1302 3296 1466 3395 pallidior
1484 3296 1530 3370 ab
1555 3297 1625 3370 alia
1642 3308 1744 3396 parte
1761 3296 1847 3371 lune
1864 3297 1974 3372 scindi
1992 3298 2065 3373 visa

603 3415 653 3489 est
674 3428 710 3490 et
729 3416 892 3515 dirumpi,
911 3428 948 3491 et
968 3416 1014 3491 ad
1032 3418 1189 3517 spacium
1208 3418 1312 3492 unius
1329 3417 1432 3491 stadii
1458 3417 1630 3517 elongari,
1650 3428 1685 3491 et
1703 3416 1802 3517 quali
1820 3418 1856 3491 in
1874 3429 1975 3492 tanta
1991 3419 2065 3495 vio·

600 3536 710 3610 lentia
728 3536 914 3611 videbatur
931 3563 1013 3636 pars
1031 3538 1092 3611 illa
1108 3538 1272 3637 pallidior
1291 3537 1337 3611 ab
1356 3538 1426 3611 alia
1443 3550 1544 3636 parte
1561 3538 1646 3613 lune
1663 3537 1764 3611 fuisse
1783 3538 1903 3613 avulsa
1920 3551 1960 3613 ut
1977 3540 2063 3615 scin·

600 3656 706 3741 tillas,
724 3682 822 3731 more
841 3658 1003 3732 draconis
1021 3659 1057 3731 in
1075 3684 1158 3732 aere
1173 3658 1409 3743 discurrentis,
1421 3659 1609 3733 emitteret.
1653 3658 1821 3732 Tandem
1833 3659 1912 3757 post
1928 3684 2065 3734 moram

603 3777 872 3875 aliquantulam,
899 3804 981 3877 pars
999 3779 1073 3877 ipsa
1091 3779 1254 3878 pallidior
1272 3779 1356 3853 lune
1375 3779 1547 3879 paulatim
1565 3792 1601 3853 et
1619 3778 1718 3878 quasr
1735 3781 1874 3855 morose
1891 3780 1938 3854 ad
1956 3781 2064 3855 aliam

602 3907 739 3994 partem
754 3897 1001 3996 appropiabat,
1008 3923 1102 3972 nunc
1116 3900 1151 3971 se
1166 3900 1276 3997 ipsam
1289 3900 1388 3998 quasr
1400 3900 1606 3975 meticulose
1619 3899 1844 3986 retrahendo,
1856 3924 1951 3975 nunc
1965 3900 2065 4001 quali

601 4014 731 4089 coacta
748 4016 829 4090 illac
847 4018 882 4091 se
900 4018 1138 4117 impellend03
1164 4019 1310 4093 tandem
1328 4045 1411 4094 vero
1439 4047 1520 4094 cum
1541 4020 1619 4120 jam
1644 4020 1817 4119 praedicte
1841 4032 1962 4121 partes
1977 4021 2064 4097 lune

603 4135 752 4208 invicem
771 4134 833 4209 fibi
848 4138 1087 4223 convenirent,
1106 4163 1192 4213 ecce
1205 4139 1319 4214 nubes
1334 4151 1522 4238 utramque
1536 4152 1672 4239 partem
1685 4142 1823 4241 operuit
1837 4153 1873 4216 et
1891 4142 2064 4240 praedi&

601 4254 683 4328 visro
698 4254 876 4353 disparuit.
907 4257 966 4330 Ad
984 4258 1107 4332 flatum
1125 4260 1233 4358 igitur
1250 4260 1358 4345 venti,
1378 4261 1615 4335 transvolante
1632 4261 1741 4345 nube,
1758 4262 1887 4336 iterum
1898 4262 1985 4336 luna
2003 4262 2064 4337 de-

601 4376 664 4451 sub
678 4374 773 4449 nube
789 4376 914 4475 erupit,
929 4389 966 4451 et
978 4378 1094 4451 statim
1109 4379 1154 4453 ad
1166 4380 1450 4479 magnitudinem
1460 4381 1566 4455 trium
1579 4380 1742 4455 lunarum
1756 4381 1898 4456 crevisse
1909 4382 1982 4457 visa
1995 4382 2063 4469 esl3

602 4508 639 4569 et
664 4496 781 4571 statim
802 4496 1014 4572 deformatio
1034 4499 1096 4573 illa
1119 4525 1181 4599 per
1210 4511 1392 4574 crementa
1419 4502 1455 4574 in
1482 4502 1704 4576 firmamento
1728 4502 1764 4577 se
1791 4501 2005 4589 diffundens,
2026 4504 2063 4577 in

602 4616 784 4692 castellum
802 4619 996 4717 speciosum
1008 4622 1285 4707 transformatur,
1300 4622 1402 4722 cujus
1413 4622 1546 4697 castelli
1564 4633 1677 4697 turres
1690 4634 1727 4697 et
1738 4623 1841 4710 muri,
1859 4646 2063 4725 propugna-

647 4799 674 4823 ⁰⁰
696 4801 741 4855 No
753 4800 896 4873 eclipseos
908 4802 956 4857 the
974 4821 1055 4859 moon
1067 4804 1133 4860 took
1150 4804 1227 4878 place
1239 4815 1267 4861 at
1280 4822 1309 4861 or
1322 4823 1385 4861 near
1397 4805 1451 4861 this
1463 4805 1533 4871 date,
1547 4805 1636 4863 which
1648 4824 1698 4862 can
1716 4817 1831 4863 accormt
1844 4805 1886 4863 sor
1897 4806 1945 4863 the
1956 4806 2065 4880 prodissy

600 4883 689 4940 which
701 4885 745 4942 led
756 4896 785 4942 to
798 4886 850 4941 this
863 4885 948 4942 letter.
