4716 6428
590 702 658 768 148
938 687 1259 766 CHRONICA
1293 687 1369 762 DE
1404 686 1695 763 MAILROS.
1806 686 1906 763 A.D.
1938 688 2045 767 1236.

587 901 752 1002 pastorali
779 924 862 972 cure
884 896 1064 982 valedixit,
1082 897 1140 970 cui
1164 895 1321 970 successit
1339 895 1515 994 dompnus
1535 893 1646 994 Hugo
1666 895 1710 969 de
1740 954 1844 971 .....
1851 911 1862 941 ⁸
1888 900 2047 998 ejusdem

587 1022 656 1097 loci
682 1019 890 1095 monachus.

639 1142 747 1215 Anno
767 1140 918 1215 Domini
936 1138 1165 1236 mccxxxvij.
1185 1138 1244 1236 pie
1262 1136 1517 1210 recordationis
1536 1136 1699 1212 dominus
1720 1137 1895 1214 Ricardus
1911 1140 2050 1214 Dunel·

588 1263 713 1337 mensis
731 1262 941 1360 episcopust
957 1272 992 1333 et
1010 1259 1178 1332 fundator
1195 1282 1286 1330 nove
1305 1257 1451 1330 ecclesie
1474 1257 1741 1354 Salesbyrienfis
1759 1260 1937 1360 egregius
1956 1262 2050 1335 viam

589 1384 747 1458 universe
771 1382 885 1456 carnis
907 1380 958 1454 est
981 1378 1163 1479 ingressus,
1191 1379 1226 1450 in
1251 1377 1400 1450 crastino
1427 1378 1631 1451 sannorum
1659 1378 1828 1477 Tyburcii
1860 1391 1896 1453 et
1915 1381 2049 1455 Valerii

592 1503 698 1604 [Apr.
723 1503 798 1602 15],
812 1503 902 1575 seria
920 1501 1051 1575 scilicet
1070 1499 1118 1598 iij.
1139 1511 1221 1571 ante
1240 1497 1383 1596 pascha,
1401 1497 1488 1570 horo
1506 1498 1635 1596 prima3
1664 1499 1764 1598 cujus
1783 1525 1910 1597 corpus
1928 1501 2050 1600 sepeli-

588 1626 697 1698 turin
716 1622 1082 1703 ecclesiasanstarum
1100 1618 1305 1692 monialium
1325 1617 1369 1691 de
1390 1617 1538 1702 Tarent,
1558 1644 1666 1716 quam
1686 1619 1758 1717 ipse
1776 1620 1950 1694 fundavit.
1990 1619 2049 1694 Ad

588 1747 724 1820 sacrum
746 1744 847 1843 cujus
875 1741 1050 1815 tumulum
1077 1740 1282 1837 frequenter
1308 1736 1470 1810 membra
1495 1737 1742 1837 languentium
1768 1739 1876 1813 modo
1897 1741 2049 1825 sanitati,

588 1865 748 1964 quolibet
765 1863 890 1937 morbo
908 1863 1040 1935 suerint
1057 1860 1207 1960 gravati,
1227 1858 1466 1931 restituuntur.

637 1985 778 2059 Eodem
793 2009 887 2058 anno
905 1981 1056 2082 predicti
1075 2006 1191 2080 regeS,
1211 2004 1291 2053 curn
1306 1979 1375 2052 suis
1389 1979 1520 2078 reginis
1535 1991 1571 2052 et
1589 1979 1767 2055 nobilibus
1781 1981 1862 2055 viris
1875 1995 2048 2057 utrorum·

588 2132 658 2205 que
676 2130 879 2205 regnorum,
899 2112 1141 2177 convenerunt
1165 2101 1201 2173 in
1220 2100 1277 2173 die
1296 2099 1408 2174 fausti
1429 2098 1596 2172 Mauricii
1619 2099 1724 2199 [Sep.
1744 2100 1808 2199 22]
1831 2103 1926 2201 apud
1952 2103 2048 2178 Ebo-

587 2240 737 2311 racum,¹¹
749 2225 809 2299 ubi
823 2251 885 2324 per
899 2250 955 2297 κν.
971 2224 1047 2297 dies
1058 2223 1300 2295 trastaverunt
1314 2220 1359 2293 de
1373 2220 1534 2319 negociis
1547 2245 1750 2320 regnorum,
1762 2223 1922 2320 presente
1937 2222 2049 2298 Otho-

587 2374 631 2420 ne
648 2348 770 2447 legato
790 2345 922 2418 domini
944 2370 1055 2442 pape;
1079 2355 1115 2416 et
1139 2342 1283 2415 tandem
1308 2340 1469 2414 dissoluto
1497 2341 1646 2414 concilio
1670 2366 1731 2415 rex
1756 2343 1901 2440 quidem
1923 2345 2049 2419 Scocie

587 2468 803 2567 repatriavit,
821 2464 882 2538 sed
900 2465 1024 2563 regina
1046 2462 1167 2537 Scotie
1186 2487 1267 2535 cum
1285 2461 1410 2561 regina
1430 2460 1562 2560 Anglie
1581 2461 1688 2534 cansa
1705 2463 1874 2537 orationis
1891 2465 2050 2539 Cantua-

587 2589 675 2660 riam
694 2587 792 2671 adiit,
811 2597 847 2659 et
865 2585 959 2657 cirea
975 2582 1183 2656 Lundonias
1201 2581 1363 2654 ultimum
1382 2580 1476 2655 diem
1495 2581 1628 2667 claufit,
1648 2593 1687 2655 ut
1705 2582 1740 2655 in
1758 2582 2050 2682 subseqnentibus

587 2706 808 2806 apparebit.w

640 2826 741 2900 Obiit
767 2826 943 2923 dompnus
964 2823 1182 2896 Gillebertus
1205 2822 1318 2895 abbas
1336 2822 1381 2895 de
1410 2821 1657 2896 Holmcoltran
1685 2823 1781 2921 apud
1802 2823 2048 2910 Cantuariam‚

588 2950 673 3021 dum
691 2947 821 3020 rediret
839 2945 883 3019 de
903 2945 1059 3044 capitulo
1085 2943 1256 3044 generali,
1281 2944 1338 3016 cui
1366 2942 1523 3016 successit.
1539 2943 1714 3042 dompnus
1732 2943 1915 3019 Johannes
1937 2945 2049 3019 abbas

589 3068 633 3141 de
656 3067 745 3167 lugo
766 3067 853 3150 Dei,
872 3077 909 3139 et
927 3066 971 3139 de
994 3064 1083 3164 lngo
1104 3063 1174 3137 Dei
1193 3063 1405 3162 pastoralem
1424 3089 1545 3136 curam
1571 3063 1721 3162 suscepit
1742 3063 1940 3139 Nicholaus
1959 3066 2048 3165 ejus-

589 3189 670 3263 dem
689 3188 815 3260 domus
833 3186 938 3285 prior.

640 3308 748 3383 Anno
768 3307 916 3381 Domini
938 3306 1259 3404 m⁰.cc⁰.xxx⁰.viij⁰.
1282 3304 1370 3379 obiit
1394 3304 1561 3404 magister
1581 3303 1692 3405 Hugo
1711 3306 1756 3380 de
1777 3305 1922 3380 Potter¹
1940 3307 2051 3381 archi-

589 3430 761 3503 diaconus
781 3426 1033 3527 Glasguienfis,
1053 3426 1128 3525 post
1148 3426 1249 3525 cujus
1263 3425 1399 3499 obitum
1418 3425 1546 3499 divisus
1564 3424 1615 3497 est
1629 3424 1955 3513 archidiaconatum
1979 3453 2052 3501 ma-

587 3550 693 3650 gister
708 3551 802 3624 enim
822 3548 1003 3622 Matbaeus
1021 3547 1066 3621 de
1088 3546 1273 3619 Habirden
1293 3545 1411 3620 dietus
1430 3545 1481 3619 est
1499 3545 1769 3619 archidiaconus
1788 3546 1833 3620 de
1855 3547 2001 3649 Glasgv,
2017 3559 2052 3621 et

589 3670 755 3770 magister
776 3669 902 3743 Petrus
921 3668 965 3741 de
986 3666 1183 3766 nlingtunr
1200 3677 1348 3740 vocatus
1366 3665 1417 3739 est
1436 3664 1706 3739 archidiaconus
1720 3665 1764 3739 de
1785 3666 1976 3741 Thenidal.

642 3789 742 3863 Obiit
768 3789 971 3862 Willelmus
995 3787 1108 3861 abbas
1130 3786 1174 3860 de
1201 3786 1440 3871 Dunsermlin,
1471 3786 1527 3859 cui
1556 3784 1713 3859 successit
1739 3785 1936 3860 Gausridus
1959 3788 2052 3886 prior

589 3910 747 4008 ejusdem
766 3909 904 3982 domus.

641 4029 802 4102 Domina
829 4028 1030 4102 Johannau
1056 4028 1181 4126 regina
1209 4027 1335 4101 Scocie
1360 4027 1453 4100 circa
1480 4025 1689 4101 Lundonias
1719 4029 1818 4126 gravi
1849 4027 2050 4100 infirmitate

590 4149 747 4232 detenta,
778 4148 955 4246 perceptis
981 4146 1223 4221 ecclesiasticis
1249 4147 1488 4231 sacramentis,
1521 4147 1653 4246 absque
1678 4147 1796 4222 liberis
1824 4148 1910 4246 iiijt0.
1938 4172 2051 4220 nonas

592 4269 719 4342 Marcii
742 4267 853 4366 [Mar.
869 4266 909 4366 4]
927 4268 1017 4341 inter
1031 4293 1156 4341 manus
1170 4269 1329 4351 fratrum,
1347 4266 1396 4340 H.
1411 4267 1543 4341 scilicet
1561 4269 1655 4368 regis
1671 4266 1804 4368 Anglie
1822 4280 1859 4342 et
1874 4266 1933 4340 R.¹
1951 4267 2051 4340 ducis

627 4432 635 4453 ¹
657 4430 717 4483 Tbe
730 4447 806 4482 name
819 4429 840 4482 is
853 4429 945 4482 erased
957 4429 1023 4482 from
1042 4428 1089 4482 the
1105 4428 1175 4491 MS„
1196 4429 1244 4482 but
1263 4429 1282 4482 it
1301 4447 1355 4482 was
1370 4437 1388 4459 “
1401 4429 1550 4482 Maunsel.''
1659 4432 1667 4461 ²
1683 4431 1799 4485 Richard
1817 4430 1902 4484 Poore
1915 4430 1975 4484 died
1990 4430 2053 4482 loth

591 4513 674 4583 April,
692 4515 768 4571 1237.
799 4513 1013 4583 Easter-daysell
1033 4531 1104 4583 upon
1118 4513 1164 4566 tbe
1179 4513 1542 4568 rothoftnesamemonth.
1566 4514 1810 4585 SeeMParir,p.
1825 4519 1887 4569 360.
1974 4514 1986 4537 “
2003 4515 2054 4568 See

588 4598 635 4651 the
647 4608 732 4668 treaty
744 4598 865 4651 between
877 4596 959 4658 them,
974 4598 1001 4650 in
1014 4596 1060 4649 tbe
1070 4599 1185 4659 Foedera,
1200 4599 1218 4650 i.
1230 4601 1297 4659 233;
1312 4598 1368 4651 also
1382 4598 1426 4650 M.
1440 4600 1523 4661 Paris,
1539 4617 1566 4668 p.
1578 4603 1639 4652 365.
1750 4598 1767 4621 '
1783 4601 1833 4653 See
1843 4602 1957 4659 Fordun,
1971 4600 1998 4652 ii.
2009 4604 2053 4652 65.

588 4680 624 4703 ''
637 4684 758 4753 Dugdole
771 4682 887 4734 Monast.
908 4698 933 4733 v.
948 4685 1010 4733 593.
1156 4682 1168 4704 ¹
1185 4684 1298 4745 Fortius,
1312 4683 1339 4735 ii.
1353 4686 1397 4745 65,
1419 4682 1466 4735 has
1489 4691 1506 4714 ‘⁸
1518 4684 1643 4745 Potton,’'
1662 4684 1715 4737 and
1729 4684 1775 4737 the
1798 4684 1858 4737 MS.
1872 4683 1904 4737 os
1918 4684 1964 4737 the
1983 4701 2054 4736 same

587 4766 729 4828 cbronicle,
746 4765 820 4819 Harl.
835 4768 895 4827 712,
910 4763 955 4817 sol.
973 4769 1031 4827 165,
1046 4765 1121 4818 reads
1137 4773 1154 4796 ‘⁴
1166 4766 1288 4819 Pocbton
1297 4768 1320 4826 ;“’
1337 4766 1384 4819 the
1397 4784 1474 4820 namo
1486 4768 1513 4819 in
1526 4767 1573 4821 the
1586 4768 1746 4837 manuscript
1759 4766 1791 4820 os
1798 4767 1845 4821 the
1857 4777 1964 4837 present
1977 4767 2054 4821 chro-

588 4851 657 4904 niele
669 4850 759 4904 stands
769 4850 841 4913 thus,
858 4858 876 4880 “
889 4849 985 4902 Potes·
1112 4848 1307 4920 'Hosingtono
1347 4852 1460 4913 Fordun,
1475 4851 1501 4904 ii.
1513 4856 1556 4904 65.
1684 4850 1709 4881 ”
1725 4850 2052 4921 Concerningberdeatb,

588 4951 633 4987 see
645 4934 702 4987 nlso
715 4934 759 4986 M.
776 4936 860 4996 Paris,
875 4952 901 5003 p.
916 4935 977 4987 316.
1124 4932 1134 4955 ¹
1157 4933 1272 4989 Richard
1287 4934 1468 5004 l'lantagenet‚
1481 4952 1599 5005 younger
1611 4952 1660 4989 son
1673 4934 1705 4987 os
1712 4935 1774 5004 king
1785 4935 1867 4998 John,
1882 4953 1937 4989 was
1950 4934 2055 4989 created

588 5017 641 5072 eorl
654 5018 686 5072 os
693 5018 832 5082 Cornum,
849 5019 913 5073 ooth
930 5018 1001 5090 May,
1019 5020 1095 5072 1226.
