4716 6428
312 718 412 795 ΑΒ.
444 722 551 790 1180.
662 711 984 788 CHRONICA
1018 714 1095 789 DE
1130 712 1422 791 MAILROS.
1722 729 1767 805 91

311 931 507 1010 Castellum
522 928 727 1004 Puellarum
745 929 781 1002 in
796 928 943 1003 ecclesra
956 928 1078 1003 sancte
1092 930 1204 1003 crucis
1218 930 1355 1004 octavis
1368 931 1608 1029 pentecosten,
1622 935 1772 1012 scilicct'

309 1056 355 1155 vj.
369 1054 450 1129 idus
463 1052 485 1127 J
488 1052 560 1125 unii
578 1049 616 1150 [J
619 1075 678 1124 un.
694 1048 748 1148 8]‚
761 1076 783 1122 a
797 1049 948 1123 Matheo
963 1050 1128 1148 episcopo
1148 1050 1192 1123 dc
1209 1050 1378 1124 Aberrlen
1393 1078 1436 1125 ex
1455 1054 1624 1127 mandato
1638 1056 1771 1131 domini

309 1200 402 1277 pape
431 1172 479 1247 A.
516 1172 563 1246 ad
590 1170 884 1272 praenominatam
912 1169 1031 1243 sedem
1065 1171 1101 1243 in
1133 1171 1323 1245 antistitem
1351 1171 1552 1247 Johannem
1582 1178 1771 1275 magnifico

310 1293 506 1371 consecrari
529 1293 627 1366 fecit.
680 1290 864 1365 Johannes
888 1302 1009 1365 autem
1037 1293 1261 1366 consecratus
1285 1304 1321 1366 et
1344 1292 1477 1392 absque
1504 1296 1707 1395 episcopatu
1737 1300 1771 1373 se

311 1416 523 1516 intelligens
537 1411 716 1511 extemplo
730 1437 792 1510 pre
806 1412 932 1486 timore
947 1412 1040 1509 regis
1055 1424 1090 1485 et
1109 1412 1353 1511 indignatione
1367 1415 1540 1514 regalium
1553 1419 1772 1514 provinciam

310 1561 448 1611 merens
466 1533 606 1631 reliquit
625 1544 661 1607 et
680 1532 725 1605 ad
743 1532 874 1604 tutiora
893 1533 928 1604 se
946 1532 1124 1604 contulit..a

360 1656 468 1730 Anno
487 1652 673 1751 mclxxxj.
698 1651 786 1727 obiit
803 1652 861 1750 pie
882 1653 1052 1725 memorio
1073 1652 1275 1727 Willehnus
1293 1654 1337 1727 dc
1358 1653 1492 1729 Tulosa
1510 1656 1622 1732 abbas
1643 1658 1770 1733 Cister-

311 1775 443 1859 ciensrs
462 1774 520 1847 cui
538 1772 694 1847 succesfit
714 1772 840 1846 Petrus
859 1772 903 1846 de
923 1771 1145 1845 Pontiniac0.

362 1894 574 1970 Ludou'icus
592 1918 654 1967 rex
669 1892 832 1976 Francie‚
849 1892 900 1965 rir
919 1893 998 1992 pius
1012 1904 1048 1965 et..
1065 1892 1248 1991 religiosus
1266 1894 1421 1967 seculum
1440 1920 1593 1993 nequam
1614 1898 1771 1997 despexit

311 2041 530 2117 regnumque
549 2014 649 2087 suum
663 2013 759 2112 quod
777 2014 850 2111 ipsc
868 2037 931 2112 per
949 2011 1076 2110 xliiij.⁰r
1094 2037 1206 2085 annos
1223 2014 1362 2087 strerure
1380 2013 1590 2113 gubernavit
1607 2018 1770 2119 Philippo

310 2138 381 2212 tilio
400 2136 461 2209 suo
482 2134 674 2209 honorifice
697 2133 854 2206 tradidit.
908 2132 970 2206 Ille
995 2144 1115 2205 autem
1137 2132 1270 2231 postea,
1291 2134 1373 2207 Deo
1391 2134 1591 2233 inspirante,
1616 2139 1663 2211 ad
1680 2141 1771 2213 ordi·

310 2282 392 2332 nem
413 2255 680 2331 Cisterciensem
704 2253 800 2351 apud
824 2252 1013 2326 abbaciam
1036 2278 1107 2351 que
1129 2252 1213 2326 Port
1231 2254 1357 2327 (licitur
1375 2280 1483 2352 quam
1507 2258 1579 2355 ipsc
1596 2259 1769 2345 fundavit,

311 2377 488 2453 humiliter
505 2375 705 2450 convolarit
723 2387 759 2447 et
778 2374 905 2448 eodem
924 2398 1017 2446 anno
1036 2372 1081 2445 (le
1100 2398 1247 2471 corpore
1265 2375 1387 2447 mortis
1405 2375 1553 2450 feliciter
1570 2378 1764 2477 migrarit.b

362 2496 564 2571 Willelmus
589 2521 650 2569 rex
678 2496 883 2603 Scottorum
910 2506 945 2567 et
973 2492 1093 2566 Dauid
1122 2519 1242 2567 comes
1267 2495 1376 2567 frater
1400 2496 1476 2593 ejus
1505 2496 1550 2568 ad
1576 2496 1772 2573 chricum

311 2631 452 2719 regeme
470 2618 641 2691 seniorem
660 2641 724 2714 pro
742 2615 812 2690 suis
829 2614 984 2713 negotiis
1002 2614 1240 2687 transmarinis
1257 2614 1416 2713 partibus
1435 2617 1469 2689 se
1488 2618 1724 2691 contulerunt.

360 2737 520 2837 Fulgura
537 2748 573 2810 et
590 2736 745 2809 tonitrua
768 2760 902 2835 magna
919 2746 955 2808 et
973 2733 1200 2832 tempestates
1218 2746 1254 2809 et
1277 2735 1526 2809 inundationes
1545 2762 1719 2836 aquarum
1736 2739 1771 2812 in

313 2858 444 2957 Anglia
462 2882 526 2958 per
542 2856 622 2929 loca
641 2856 787 2930 diversa.

361 2977 538 3051 Miracula
567 2977 680 3050 multa
711 2987 747 3049 ot
776 3000 910 3074 magna
941 2974 1036 3072 apud
1066 2974 1228 3048 sanstum
1258 2974 1505 3049 AEdmundum
1536 3003 1598 3075 per
1626 2976 1771 3053 beatum

312 3124 458 3199 puerum
479 3096 676 3171 Robertum
699 3121 807 3195 quem
826 3094 972 3193 quidam
990 3093 1128 3168 Judeus
1146 3094 1286 3168 occulto
1307 3095 1494 3169 crudeliter
1517 3098 1597 3170 neci
1615 3099 1770 3173 tradidit..

315 3218 482 3293 Similiter
506 3218 602 3316 apud
622 3215 869 3290 Huntorlinam
893 3215 938 3287 de
963 3215 1032 3288 alio
1056 3239 1167 3312 puero
1188 3213 1365 3287 Herberto
1383 3216 1527 3289 nomine
1550 3242 1642 3289 nora
1661 3219 1770 3291 conti·

310 3350 452 3439 gerunt,
476 3363 584 3437 quem
607 3338 769 3437 proprius
787 3348 888 3434 pater
913 3335 958 3408 arl
976 3334 1129 3432 stipitem
1153 3335 1261 3434 impie
1282 3335 1406 3433 ligavit
1424 3348 1459 3409 et
1484 3337 1519 3409 in
1544 3362 1675 3435 aquam
1700 3364 1770 3436 que

305 3459 409 3558 juxta
427 3460 537 3557 ipsam
555 3457 673 3530 rillam
691 3457 844 3530 decurrit
861 3455 1103 3528 miserabiliter
1121 3455 1281 3527 extinxit.

364 3578 516 3653 Cometa
534 3579 653 3651 mense
671 3575 767 3650 Julio
786 3575 961 3674 apparuit.

360 3698 542 3773 Jocclinus
560 3696 746 3795 episcopus
768 3696 886 3769 sedem
908 3693 1144 3793 episcopalem
1162 3695 1334 3779 dilatarit,
1359 3706 1395 3768 et
1418 3696 1530 3769 sancti
1551 3694 1770 3795 Kentegemi

312 3818 494 3893 ecclesiam
511 3818 662 3917 glorioso
680 3816 931 3915 magnificavit.

361 3939 409 4037 iij.
433 3938 608 4013 kalendas
630 3937 849 4035 Septembris
870 3935 985 4034 [Aug.
1004 3935 1084 4034 30],
1111 3935 1199 4009 obiit
1222 3936 1279 4034 pie
1304 3936 1473 4010 memorie
1500 3935 1704 4010 Alexander
1721 3937 1770 4035 iij.

312 4084 417 4159 papa,
435 4059 663 4157 pontificatus
681 4057 731 4131 sui
751 4082 844 4130 anno
858 4057 971 4154 xxiij0,
991 4057 1047 4129 cui
1067 4054 1222 4130 successit
1239 4054 1372 4129 Lucius
1386 4056 1436 4153 iij.
1455 4056 1515 4153 qui
1530 4067 1566 4129 et
1581 4054 1771 4130 Hubaldus

315 4176 507 4254 Hostienfis
525 4179 722 4277 episcopus.

364 4297 463 4373 Obiit
495 4297 659 4397 Rogerus
694 4294 929 4371 Eboracensrs
964 4296 1246 4395 archiepiscopus
1281 4321 1315 4367 x.
1352 4294 1524 4370 kalendas
1561 4295 1771 4369 Decembris

318 4416 427 4516 [Nor.
444 4417 509 4516 22]
531 4443 625 4491 anno
643 4417 868 4516 episcopatus
884 4416 935 4488 sui
953 4416 1075 4513 xxvij.⁰

360 4658 371 4683 ¹
392 4659 481 4714 These
494 4659 569 4713 datos
581 4659 617 4713 do
629 4668 677 4712 not
689 4676 774 4727 agree.
884 4660 944 4727 (29)
964 4656 975 4680 ⁸
996 4658 1094 4711 Ποιναὶ.
1110 4660 1178 4717 350;
1200 4658 1278 4709 Ford.
1293 4656 1310 4709 i.
1326 4660 1387 4717 350,
1407 4662 1495 4727 etseq.
1605 4656 1617 4688 b
1639 4656 1771 4709 Louis-le·

315 4741 397 4797 Jeme
405 4744 465 4799 died
474 4754 503 4797 ut
514 4744 595 4805 Paris,
607 4760 679 4813 upon
689 4742 736 4795 the
746 4741 809 4795 18th
818 4740 851 4794 os
860 4742 1022 4811 September,
1037 4745 1113 4801 1180,
1125 4740 1216 4794 astera
1228 4741 1298 4810 reign
1308 4740 1340 4793 os
1347 4740 1503 4811 sorty-three
1511 4758 1595 4811 years.
1607 4741 1734 4810 Aequalis,
1743 4740 1769 4793 ii.

319 4828 375 4879 toa.
456 4853 462 4864 ·
480 4826 491 4851 ⁶
505 4826 598 4897 Henry
612 4826 649 4879 Il.
663 4826 685 4879 is
698 4825 761 4879 hero
774 4825 860 4895 styled
874 4834 892 4855 ‘⁶
901 4826 1056 4886 seniorem,'’
1069 4825 1096 4876 in
1109 4824 1259 4877 distinction
1273 4835 1301 4877 tu
1315 4823 1355 4875 his
1368 4824 1452 4878 eldcst
1464 4842 1513 4877 son
1528 4824 1628 4893 fleury,
1643 4823 1705 4876 who
1718 4841 1772 4877 was

316 4910 434 4965 uovncd
442 4904 542 4981 uslring
553 4910 587 4964 os
596 4910 717 4979 England
729 4910 756 4962 in
767 4913 834 4967 1170
844 4909 898 4977 (his
910 4908 996 4962 father
1008 4908 1085 4977 being
1097 4908 1187 4976 alive),
1197 4908 1250 4961 and
1262 4908 1323 4961 died
1334 4907 1360 4959 in
1373 4911 1451 4961 1183.
1568 4906 1580 4937 ¹¹
1596 4908 1647 4961 Sec
1656 4909 1769 4970 Fordun‚

316 4991 334 5047 i.
347 4996 406 5049 tal.
515 4994 527 5019 ⁸
549 4994 699 5064 According
711 5004 740 5047 to
752 4994 852 5057 aruba,
867 4992 902 5048 he
914 4993 975 5047 died
987 5002 1015 5047 at
1029 4992 1165 5055 Shirburn,
1181 5010 1253 5063 upon
1267 4992 1312 5045 the
1325 4990 1391 5045 neth
1404 4990 1436 5045 os
1446 4992 1605 5055 November,
1620 4991 1670 5047 col.
1687 4993 1764 5051 1723.
