4716 6428
318 728 548 807 A.D.1268.
670 729 989 808 CHRONICA
1022 730 1099 807 DE
1132 731 1418 811 MAlLROS.
1698 747 1771 814 213

369 945 531 1033 Quidam
544 945 634 1021 alius
651 970 733 1020 vere
750 943 942 1020 anathema
960 943 1104 1030 diaboli,
1122 947 1184 1045 qui
1208 946 1404 1021 absciderat
1432 948 1544 1022 virilia
1570 950 1681 1024 sanat
1704 953 1766 1025 viri

320 1066 486 1152 Simonis,
504 1067 581 1167 post
598 1065 688 1140 duos
706 1090 818 1141 annos
835 1066 925 1140 tanti
943 1065 1082 1141 sceleris
1108 1067 1313 1166 perpetrati,
1337 1081 1450 1142 morte
1468 1069 1660 1167 turpiffima
1676 1094 1767 1145 mor-

315 1197 396 1261 tuus
409 1187 460 1261 est
473 1188 508 1261 in
523 1185 865 1273 scotia-submersus
878 1186 913 1260 in
926 1210 1060 1287 magno
1073 1187 1250 1287 profundo
1263 1188 1407 1262 flumine
1415 1188 1623 1287 Thayenli,¹¹
1635 1190 1767 1265 fluente

195 1373 199 1380 .
314 1304 360 1380 ad
378 1331 475 1382 mare
493 1307 598 1407 juxta
620 1305 740 1382 nobile
758 1306 928 1407 oppidum
946 1305 991 1381 de
1011 1286 1137 1394 Perbt3
1161 1306 1297 1407 dequo
1321 1334 1403 1382 cum
1421 1307 1593 1384 debuiffet
1617 1311 1765 1395 extrahi,

313 1426 444 1501 inventi
462 1428 540 1502 sunt
566 1428 669 1527 super
694 1438 852 1501 ventrem
878 1427 956 1525 ejus
978 1425 1050 1501 duo
1074 1426 1262 1503 fcrabones
1287 1429 1375 1502 mire
1392 1429 1630 1528 turpitudinis,
1654 1431 1765 1530 pedes

312 1546 392 1621 suos
409 1547 501 1621 adeo
524 1548 661 1622 fortiter
684 1549 720 1621 in
747 1548 821 1647 ipso
844 1559 967 1622 ventre
991 1547 1080 1623 fixos
1102 1546 1276 1624 habentes
1294 1562 1332 1623 ut
1355 1550 1412 1622 vix
1438 1551 1541 1624 evelli
1564 1551 1763 1649 potuitfent.

315 1663 428 1766 Cujus
446 1693 574 1768 corpus
591 1668 713 1742 infelix
731 1669 776 1742 de
793 1668 938 1742 flumine
961 1669 1173 1754 extractum,
1192 1669 1360 1768 equinam
1383 1671 1512 1744 meruit
1535 1673 1761 1770 sepulturam.

315 1785 356 1859 ln
373 1788 550 1862 nonnullis
563 1789 658 1862 enim
675 1788 774 1873 locis,
788 1786 874 1862 licut
891 1788 928 1862 in
944 1787 1181 1888 Agrigentina
1194 1789 1353 1889 regione,
1368 1790 1581 1888 sepeliuntur
1600 1793 1682 1890 equi
1701 1818 1762 1866 no

313 1905 411 1993 biles,
430 1920 573 2008 propter
596 1907 800 1983 industriam
816 1907 1010 1983 nobilitatis
1027 1910 1100 1994 fue,
1118 1934 1269 2009 quorum
1293 1909 1401 1984 etiarn
1425 1911 1568 1985 tumulis
1592 1912 1763 2010 adjiciun-

311 2037 366 2100 tur
380 2027 581 2126 piramides,
595 2041 634 2102 ut
644 2039 744 2128 patet
756 2026 845 2103 libro
857 2028 928 2129 viij.
943 2028 1047 2102 Plinii
1060 2026 1106 2102 de
1118 2028 1285 2103 Naturali
1300 2027 1478 2127 Hy’storia,
1493 2031 1649 2130 capitulo
1662 2031 1760 2130 xliiij.

314 2146 465 2248 indigne
488 2149 595 2250 igitur
613 2149 760 2223 dixerim
778 2149 956 2223 infelicem
972 2147 1165 2234 hominem,
1183 2147 1229 2223 de
1246 2174 1319 2248 quo
1336 2149 1443 2224 modo
1461 2150 1600 2225 locutus
1618 2152 1693 2226 sum
1711 2152 1729 2225 f
1747 2194 1761 2208 ·

311 2268 487 2368 pulturam
505 2271 673 2370 equinam
696 2268 869 2354 meruiffe,
887 2269 1056 2368 quoniam
1074 2268 1304 2369 degeneravit
1328 2296 1350 2343 a
1372 2269 1558 2344 nobilitate
1576 2297 1760 2371 equorum,

309 2388 465 2463 nobilem
482 2392 698 2489 sepulturam
721 2390 1013 2490 promerentium
1037 2390 1132 2463 unde
1150 2389 1277 2463 dicitur
1300 2390 1336 2463 in
1354 2390 1510 2489 capitulo
1524 2391 1631 2465 modo
1650 2390 1760 2476 dicto,

309 2509 405 2607 quod
424 2510 525 2585 divus
543 2511 732 2611 imperator
750 2510 923 2584 tumulum
943 2535 1036 2609 equo
1053 2511 1115 2584 luo
1132 2510 1229 2583 fecit.
1268 2509 1420 2584 Fadium
1438 2510 1490 2583 est
1507 2522 1542 2584 et
1560 2536 1702 2586 carmen
1716 2512 1761 2587 de

309 2628 369 2701 illo
387 2654 494 2729 equo.
548 2632 650 2716 Item,
669 2642 708 2704 ut
726 2632 838 2730 liquet
855 2628 916 2715 ibi,
934 2655 1086 2730 magnus
1109 2655 1171 2704 rex
1191 2629 1395 2704 Alexander
1416 2631 1506 2704 inter
1523 2631 1584 2730 xij.
1606 2630 1761 2706 Alexan·

308 2747 402 2823 drias
419 2775 510 2849 quas
524 2751 726 2837 construxit,
739 2750 825 2825 fecit
838 2775 946 2823 unam
960 2751 1084 2825 urbem
1098 2750 1241 2824 nomine
1259 2751 1320 2824 fuo
1335 2750 1517 2824 dirivative
1532 2751 1760 2851 appellatam,

309 2869 440 2944 scilicet
453 2871 720 2956 Alexandriam,
736 2871 948 2971 cognomine
962 2870 1212 2945 Buscefaleam
1225 2895 1319 2969 equo
1333 2871 1411 2955 luo,
1427 2870 1654 2970 Bucephalas
1666 2872 1761 2945 enim

308 2991 501 3065 vocabatur
513 3017 626 3092 equus
638 2993 715 3092 ejus
727 2993 783 3067 cui
796 2991 872 3091 post
883 3004 1032 3065 mortem
1043 2991 1129 3065 fecit
1142 2991 1323 3090 exequias,
1336 3002 1373 3065 et
1383 3002 1530 3065 vocatur
1544 2991 1761 3067 Alexandria

309 3109 367 3185 illa
380 3109 611 3212 Bucephalea
621 3124 764 3214 propter
777 3110 1021 3210 Bucephalam
1033 3111 1227 3186 Alexandri
1239 3136 1371 3209 equum
1381 3109 1536 3184 nobilem
1547 3111 1761 3185 tumulatum

307 3230 416 3305 inea.
470 3232 518 3306 Et
536 3233 628 3308 bene
651 3234 718 3308 fuit
741 3233 803 3306 iste
826 3257 939 3331 equus
960 3231 1088 3332 dignus
1111 3232 1172 3305 tali
1196 3230 1385 3330 sepultura,
1403 3231 1584 3329 quoniam,
1605 3230 1760 3305 Alexan-

307 3350 409 3426 drum
427 3351 609 3429 dominum
628 3357 727 3429 suum
745 3380 766 3428 e
784 3353 954 3428 diriffimis
971 3351 1143 3426 bellorum
1161 3350 1413 3426 certaminibus
1430 3351 1593 3449 sospitem
1611 3375 1680 3450 ope
1698 3353 1759 3426 fua

306 3463 443 3549 extulit,
462 3477 500 3540 ut
518 3469 625 3542 refert
647 3467 789 3542 Solinus
812 3467 848 3539 in
870 3464 960 3539 libro
978 3465 1023 3539 de
1042 3462 1268 3539 Mirabilibus
1285 3461 1420 3549 mundi,
1439 3462 1596 3562 capitulo
1614 3462 1757 3562 clxxiij.

308 3580 380 3657 Hic
398 3609 486 3683 equs
503 3587 631 3663 decore
652 3586 846 3662 Alexandri
864 3597 989 3686 captus
1005 3584 1083 3670 fuit,
1102 3584 1162 3659 fed
1180 3608 1251 3684 ego
1268 3584 1387 3683 potius
1400 3583 1507 3657 credo
1531 3606 1652 3657 amore
1674 3582 1759 3656 dum

306 3702 424 3778 adhuc
441 3733 529 3806 puer
546 3708 630 3783 efi'et
646 3706 862 3792 Alexander,
881 3719 921 3780 ut
937 3717 1037 3806 patet
1054 3706 1089 3780 in
1106 3716 1206 3779 textu
1222 3704 1326 3778 Plinii
1344 3703 1405 3778 ubi
1423 3704 1538 3802 fupra.
1576 3701 1676 3776 Bene
1694 3703 1758 3775 ita·

305 3859 376 3932 que
399 3827 549 3904 dixerim
571 3829 668 3929 quod
693 3854 813 3903 amore
836 3827 936 3929 pueri
956 3826 1149 3902 Alexandri
1173 3838 1299 3924 captus
1320 3825 1387 3898 fuit
1411 3849 1500 3924 equs
1523 3823 1601 3922 ejus
1624 3822 1659 3896 in
1682 3836 1759 3896 tan·

304 3966 380 4028 tum
398 3963 437 4028 ut
456 3975 580 4025 omnes
597 3949 744 4024 seffores
763 3949 902 4023 dorsum
920 3948 997 4048 ejus
1015 3947 1245 4022 ascendentes
1268 3945 1429 4029 reiceret,
1443 3956 1594 4042 excepto
1613 3943 1758 4017 domino

304 4075 364 4148 luo
382 4072 537 4174 proprio,
555 4070 687 4144 scilicet
703 4069 919 4144 Alexandro.
958 4066 1099 4166 Scripsit
1119 4067 1261 4141 Solinus
1274 4066 1383 4139 etiam
1397 4064 1442 4140 de
1456 4064 1534 4138 aliis
1547 4063 1649 4163 equis
1661 4063 1759 4162 quod

302 4194 481 4268 neminem
495 4216 654 4291 unquam
667 4201 784 4290 preter
798 4189 980 4264 dominum
997 4190 1097 4263 fuum
1115 4188 1243 4262 vehere
1257 4186 1393 4286 dignati
1408 4186 1498 4270 funt,
1510 4194 1546 4259 et
1560 4184 1672 4258 multa
1688 4183 1759 4257 alia

304 4310 613 4396 commendabilia,
631 4311 667 4384 in
685 4311 849 4411 capitulis
867 4335 937 4409 que
955 4311 1058 4409 supra
1080 4307 1271 4392 nominavi,
1290 4307 1335 4380 de
1352 4318 1481 4380 natura
1498 4329 1684 4406 equorum,
1703 4315 1757 4377 ut·

302 4443 387 4532 pote
404 4431 501 4532 quod
519 4431 683 4505 lacrimas
700 4432 853 4505 fundunt
870 4456 933 4531 pro
951 4441 1064 4504 morte
1082 4429 1305 4503 dominorum
1323 4429 1475 4525 luorum.
1518 4425 1553 4500 Ο
1571 4425 1632 4524 pia
1648 4449 1756 4525 gene·

303 4551 424 4626 rulitas
442 4553 631 4650 equoruml
686 4551 776 4626 Item
802 4552 911 4652 gratis
937 4552 1033 4625 fame
1058 4550 1254 4624 moriuntur
1279 4548 1425 4648 perditis
1451 4544 1648 4620 rectoribus
1666 4568 1757 4642 quos

349 4712 362 4737 ⁸
384 4713 472 4767 There
491 4731 576 4767 merus
588 4732 667 4785 every
679 4713 834 4784 probability
850 4723 879 4766 to
891 4712 993 4766 believe
1005 4712 1063 4765 that
1075 4710 1121 4763 the
1140 4709 1281 4763 individual
1300 4708 1363 4762 hore
1381 4707 1486 4761 alluded
1500 4716 1529 4759 to
1547 4706 1569 4758 is
1581 4703 1627 4758 the
1645 4720 1718 4757 same
1730 4704 1762 4758 of

303 4798 389 4852 whom
402 4816 419 4852 a
430 4799 534 4852 curicus
547 4799 608 4859 tale,
624 4798 833 4852 communicated
845 4808 874 4849 to
887 4796 933 4850 the
946 4795 1070 4866 compilet
1083 4796 1116 4864 by
1130 4793 1175 4846 the
1187 4792 1322 4846 confessor
1335 4790 1366 4844 of
1377 4792 1514 4860 Margaret,
1533 4789 1626 4849 Quaen
1639 4785 1671 4840 of
1682 4787 1756 4840 Scot-

300 4880 370 4944 tand,
384 4882 406 4936 ia
418 4883 533 4936 inserted
546 4882 572 4935 in
585 4881 632 4935 the
644 4882 784 4934 Chronicle
797 4880 829 4934 of
838 4880 992 4934 Lauercoat.
1032 4878 1092 4931 The
1105 4895 1176 4931 same
1189 4876 1322 4946 authority
1334 4887 1416 4929 states
1429 4874 1487 4928 that
1502 4870 1616 4926 Edward
1627 4870 1691 4925 took
1704 4870 1757 4925 thia

300 4966 403 5036 aquira
415 4966 472 5021 into
484 4966 525 5021 hir
538 4983 598 5020 own
611 4965 721 5028 retinue,
737 4965 789 5020 and
801 4964 860 5018 that
872 4963 906 5018 he
918 4981 972 5018 was
986 4961 1127 5033 presented
1138 4963 1173 5032 by
1185 4960 1226 5014 hie
1238 4971 1335 5015 master
1346 4969 1374 5013 to
1388 4960 1482 5021 Quaen
1498 4956 1636 5026 Margaret.
