4716 6428
292 724 392 799 ab.
424 730 529 799 1241.
645 720 965 797 CHRONICA
998 721 1075 797 DE
1109 720 1395 800 MAILROS.
1680 733 1748 800 153

288 939 422 1024 ferreis,
446 939 543 1039 qnod
565 950 601 1012 et
624 937 727 1012 nobis
750 937 914 1012 omnibus
938 936 1009 1012 srne
1036 938 1157 1036 aliqua
1180 939 1407 1036 personarum
1431 940 1652 1038 acceptione,
1673 938 1748 1012 fieri

289 1058 360 1133 fine
379 1060 487 1133 dubio
509 1060 543 1132 in
571 1059 731 1157 proximo
755 1058 841 1133 certi
860 1059 990 1131 sumus.
1045 1057 1150 1133 Unde
1175 1059 1344 1157 quoniam
1368 1058 1413 1132 de
1437 1058 1598 1133 evasione
1617 1059 1672 1134 vel
1696 1085 1748 1134 re·

289 1179 445 1253 versione
471 1179 589 1252 nostra
615 1176 722 1252 nichil
741 1178 841 1253 vobis
867 1179 1037 1252 mandare
1064 1190 1199 1252 certum
1223 1178 1414 1278 possumus,
1438 1180 1554 1279 magis
1577 1181 1622 1253 de
1649 1204 1749 1253 mora

289 1300 539 1398 praesumentes
557 1325 665 1398 quam
684 1301 728 1373 de
747 1299 824 1398 ejus
843 1299 1032 1384 contrario,
1050 1324 1219 1398 rogamus
1236 1326 1300 1373 vos
1317 1311 1494 1398 quatenus
1515 1301 1747 1399 equitaturas,

289 1421 476 1494 conversos
494 1432 529 1494 ot
548 1431 661 1494 totam
674 1419 846 1493 familiam
863 1419 1017 1492 nostram
1036 1417 1168 1517 absque
1183 1419 1403 1504 dilatione,sr
1422 1422 1552 1519 poterit
1564 1421 1651 1505 fieri,
1666 1438 1747 1493 cum

288 1541 409 1613 securo
434 1541 615 1614 conductu
644 1539 690 1613 ad
720 1540 845 1613 domos
871 1539 967 1612 unde
993 1539 1082 1624 sunt,
1106 1540 1247 1613 faciatis
1275 1540 1407 1624 reduci,
1435 1539 1565 1614 statum
1592 1540 1747 1614 nostrum

288 1661 497 1735 nunciantes
522 1661 647 1735 nostris
674 1660 718 1733 de
745 1660 852 1759 plano
876 1659 1120 1744 conventibus,
1148 1670 1186 1732 ut
1214 1672 1314 1733 tanto
1340 1661 1570 1735 ferventiores
1597 1661 1747 1735 existant

288 1783 381 1855 circa
400 1782 532 1856 ordinis
549 1781 819 1865 observantiam,
838 1791 973 1879 quanto
990 1804 1055 1853 nos
1073 1780 1107 1851 in
1126 1780 1270 1877 majoris
1287 1780 1499 1855 neceffitatis
1517 1781 1666 1855 articulo
1683 1807 1746 1855 no·

288 1904 400 1977 verint
418 1902 636 1976 constitutos.
682 1901 758 1975 Vos
776 1926 858 1973 vero
877 1925 940 1998 pro
958 1899 1061 1973 nobis
1079 1899 1152 1973 fieri
1171 1901 1342 1998 speciales
1360 1902 1538 1976 orationes
1555 1928 1745 2001 procurare

288 2023 493 2122 dignemini,
519 2034 558 2095 ut
581 2022 769 2120 praesentes
797 2019 979 2119 augustias
1003 2045 1084 2093 cum
1108 2020 1235 2093 suturis
1258 2020 1422 2095 omnibus
1448 2022 1681 2097 incommodis
1709 2024 1744 2095 in

285 2144 381 2216 omni
409 2142 678 2216 mansuetudine
707 2152 743 2214 et
772 2140 945 2239 patientia
974 2139 1190 2214 tolleremus.
1247 2140 1440 2238 Speremus
1470 2141 1615 2241 quidem
1647 2143 1745 2241 quod

284 2275 361 2336 tota
379 2264 530 2362 praesens
549 2260 737 2335 adverfitas
756 2260 857 2333 nobis
876 2261 911 2332 in
929 2260 1195 2358 prosperitatem
1215 2261 1500 2347 commutabitur,
1520 2274 1556 2336 ot
1574 2263 1744 2361 quicquid

284 2385 439 2482 patimur
469 2382 723 2466 amaritudinis,
759 2381 795 2453 in
830 2380 1055 2454 dulcedinem
1086 2391 1320 2454 convertetur.
1374 2382 1450 2455 Vos
1481 2382 1588 2485 igitur
1619 2396 1744 2481 quem¹

285 2502 463 2576 Dominus
491 2503 536 2575 de
565 2514 666 2575 tanta
692 2500 927 2600 procellarum
955 2500 1136 2599 voragine,
1167 2499 1254 2573 sicut
1282 2501 1430 2586 videtur,
1456 2503 1595 2600 eripuit,
1619 2502 1743 2577 sollici·

283 2624 458 2719 tudinem>
472 2623 605 2722 geratis
635 2634 672 2695 et
702 2621 942 2720 diligenciam,
973 2620 1125 2719 qualiter
1156 2620 1287 2694 ordinis
1315 2621 1517 2696 observetur
1545 2623 1742 2721 integritas.

285 2744 474 2842 Dompnus
501 2742 643 2842 legatus
669 2741 802 2841 Anglic
831 2752 867 2815 et
895 2739 1179 2839 archiepiscopus
1209 2739 1515 2841 Rothomagensrs,
1545 2744 1605 2842 qui
1630 2744 1743 2842 primo

283 2865 522 2937 remanserunt
541 2875 658 2961 aput¹²
685 2862 813 2946 Pisam,
831 2886 926 2934 nunc
944 2861 989 2933 de
1013 2886 1105 2934 novo
1124 2859 1170 2934 ad
1193 2860 1281 2935 alios
1304 2861 1469 2959 praelatos
1487 2863 1564 2936 sunt
1587 2863 1743 2938 transsati

283 2984 327 3058 de
358 2996 536 3083 praecepto
565 2983 798 3082 imperatoris.
854 2981 1058 3055 Bisuntinus
1087 2980 1371 3080 archiepiscopus
1401 2980 1597 3058 submersus
1626 2982 1678 3056 est
1707 2985 1743 3058 in

282 3106 386 3189 mari3
414 3104 526 3178 abbas
547 3102 775 3188 FiscanensrS,
789 3102 850 3201 qui
869 3103 998 3175 eratin
1017 3102 1123 3202 galea
1141 3126 1222 3174 cum
1241 3101 1385 3175 domino
1401 3101 1598 3188 Bisuntino,
1617 3117 1743 3202 captus

281 3226 331 3299 est
353 3226 469 3309 vivus;
500 3236 536 3299 ot
557 3249 681 3297 omnes
702 3223 838 3322 praelati
858 3220 1029 3321 Hispanie
1051 3222 1246 3295 evaserunt.
1301 3221 1356 3294 lta
1373 3222 1470 3320 quod
1494 3223 1657 3297 dominus
1678 3225 1742 3297 im·

280 3357 422 3444 perator
445 3371 516 3445 non
539 3344 649 3419 habet
670 3345 706 3418 in
728 3368 869 3417 carcere
892 3344 965 3427 suo,
990 3342 1148 3441 exceptis
1169 3341 1280 3415 tribus
1303 3341 1442 3441 legatis,
1461 3342 1524 3415 nifi
1541 3355 1611 3417 tres
1630 3344 1741 3418 archi·

280 3466 464 3564 episcopos
478 3476 514 3537 et
527 3467 585 3538 sex
599 3466 799 3564 episeop0s;
818 3463 862 3537 de
877 3461 1067 3537 abbatibus
1081 3487 1162 3536 vero
1177 3472 1213 3535 et
1226 3460 1512 3560 procuratoribus
1526 3462 1572 3536 ad
1590 3465 1740 3561 praesens

280 3611 349 3659 non
368 3585 581 3683 loquimur.''

332 3825 529 3910 Walenses,
556 3826 617 3925 qui
646 3838 682 3900 et
710 3825 857 3925 reliquie
883 3823 1081 3908 Britonum,
1108 3824 1169 3922 qui
1196 3849 1218 3896 a
1246 3822 1371 3897 diebus
1397 3821 1497 3896 Bruti
1521 3825 1582 3922 qui
1606 3825 1739 3923 primus

279 3972 400 4020 eorum
419 3946 583 4045 princeps
601 3958 688 4030 erat,
703 3946 898 4045 principem
917 3947 1018 4043 super
1036 3944 1071 4017 se
1086 3944 1131 4017 de
1149 3955 1257 4039 gente
1276 3945 1337 4016 sua
1354 3943 1566 4029 habuerunt,
1584 3944 1647 4019 sub
1666 3971 1738 4045 quo

278 4079 313 4139 et
331 4092 394 4166 per
412 4091 520 4165 quern
544 4068 624 4140 suas
641 4068 765 4139 causas
789 4064 1040 4150 terminabant,
1063 4065 1171 4138 modo
1196 4076 1371 4164 coguntur
1395 4065 1504 4163 usque
1531 4064 1738 4142 Londonias

277 4211 477 4285 properare,
496 4186 618 4284 ibique
637 4186 683 4259 ad
702 4186 884 4261 arbitrium
905 4184 1105 4285 Anglorum
1124 4211 1184 4259 eas
1208 4185 1472 4258 determinare.⁸
1525 4185 1630 4260 Unde
1655 4214 1737 4262 con·

277 4304 343 4379 stat
360 4307 457 4405 quod
480 4307 672 4381 secundum
696 4307 925 4405 propheciam
951 4306 1106 4391 Merlini,
1131 4306 1261 4380 rubeus
1279 4305 1398 4391 draco,
1423 4305 1459 4378 id
1477 4305 1538 4390 est,
1560 4305 1735 4393 Britones,

276 4424 424 4526 languet
446 4427 482 4499 in
501 4427 724 4500 extremitate
749 4427 876 4526 stagni,
897 4427 1029 4501 scilicet
1053 4427 1174 4512 insule,
1193 4425 1373 4525 oppressus
1398 4424 1443 4499 ab
1468 4425 1550 4499 albo
1569 4427 1734 4514 dracone,

276 4570 338 4643 per
357 4571 464 4643 quern
485 4547 595 4645 Angli
614 4545 852 4647 defignantur.

327 4664 428 4740 Obiit
449 4665 648 4740 Christiana
669 4666 816 4753 Corbet,
835 4692 922 4741 uxor
942 4665 1112 4740 Guilelmi
1133 4666 1194 4739 filii
1218 4665 1385 4751 comitiS,b
1403 4678 1438 4739 ot
1457 4666 1491 4738 in
1510 4667 1666 4764 capitulo
1689 4667 1734 4741 de

276 4785 412 4861 Melros
429 4788 605 4886 sepelitur.

320 5030 448 5094 'Quoss
550 5030 575 5054 '¹
593 5030 682 5103 Apud.
792 5029 1264 5100 (4o)·SeeFoedera,i.240,241.
1375 5028 1684 5086 'Seethelastnoteh

695 5150 720 5199 U
