4716 6428
599 727 667 803 146
970 722 1289 800 CHRONICA
1317 723 1393 798 DE
1428 721 1719 798 MAILROS.
1825 722 1925 798 A.D.
1958 731 2064 801 1235.

597 943 705 1042 igitur
724 942 784 1039 qui
810 941 1063 1023 remanserant,
1092 939 1237 1013 sonibus
1257 940 1293 1013 in
1312 939 1404 1013 collo
1421 937 1538 1023 millis,
1557 938 1604 1011 ad
1622 938 1717 1037 regis
1737 963 1865 1037 paoem
1889 964 2064 1016 convene·

598 1074 690 1136 runt.
748 1060 985 1160 Supradidlus
1003 1073 1124 1133 tamen
1145 1060 1190 1133 T.
1211 1059 1407 1144 bastardus,
1427 1084 1508 1132 cum
1527 1060 1587 1132 suo
1606 1060 1746 1133 fautore
1767 1059 1930 1146 Gilrodh‚
1947 1062 2064 1135 versus

599 1183 822 1282 Hyberniam
840 1182 906 1256 iter
925 1182 1081 1279 arripuit.
1138 1180 1216 1255 Rex
1233 1181 1341 1280 igitur
1358 1180 1492 1279 potitus
1506 1180 1667 1264 vidtoria,
1687 1179 1733 1253 ob
1753 1179 1864 1253 ardua
1882 1183 1983 1282 regni
2001 1208 2063 1257 ne-

597 1305 697 1405 gotia
716 1304 803 1377 alias
821 1303 922 1402 regui
941 1302 1049 1375 adivit
1068 1312 1199 1400 partcS,
1218 1300 1266 1373 ibi
1286 1301 1331 1373 ad
1351 1301 1544 1374 sedandam
1561 1301 1713 1400 patriam
1729 1301 1897 1375 comitem
1915 1301 1961 1376 de
1981 1303 2061 1378 Ma·

596 1424 774 1498 netheth¹¹¹
792 1423 984 1496 dimittens.
1041 1421 1123 1494 Post
1147 1420 1331 1495 discessum
1354 1447 1438 1495 vero
1462 1422 1557 1521 regis
1580 1421 1727 1519 quidam
1758 1422 1869 1507 Scoti,
1890 1448 1963 1497 non
1986 1450 2061 1498 ma·

597 1545 693 1644 gistri
711 1544 835 1617 militie
854 1542 912 1615 sed
935 1542 1079 1615 ministri
1105 1542 1257 1626 malicie,
1286 1540 1450 1615 abbatias
1474 1541 1632 1640 ejusdem
1656 1553 1747 1616 terre
1772 1553 1845 1615 tam
1869 1544 2007 1617 nefaria
2025 1558 2061 1619 et

596 1666 750 1739 celerata
777 1663 958 1736 dementia
982 1661 1262 1761 expoliaverunt,
1287 1673 1326 1734 ut
1349 1661 1458 1736 etiam
1484 1662 1699 1736 monachum
1724 1663 1759 1734 in
1778 1662 1997 1737 infirmitorio
2016 1666 2061 1739 de

598 1786 749 1859 Glenlus
766 1786 802 1856 in
821 1783 986 1856 extremis
1013 1782 1162 1881 pofitum
1181 1794 1216 1856 et
1235 1782 1349 1856 cilicio
1368 1780 1635 1881 superpofitum,
1662 1782 1789 1881 pannis
1807 1783 1936 1881 quibus
1960 1785 2061 1858 indu-

594 1917 651 1978 tus
669 1916 744 1978 erat
763 1903 997 1987 denudarent,
1016 1915 1052 1977 et
1070 1904 1189 1977 secum
1208 1905 1439 2002 asportarent.
1495 1903 1605 2002 Apud
1627 1904 1736 1977 etiam
1756 1903 1952 2004 Tungland
1969 1906 2060 2004 prio·

594 2051 669 2099 rem
689 2050 769 2098 cum
789 2023 928 2097 sacrista
955 2025 990 2096 in
1013 2023 1160 2097 ccclesia
1185 2024 1455 2108 interfecerunt;
1482 2049 1633 2121 quorum
1652 2035 1804 2124 peccata
1823 2022 2060 2124 Omnipotens

596 2147 707 2219 inulta
727 2144 869 2219 transire
889 2170 960 2218 non
979 2143 1144 2243 permisrt,
1172 2169 1243 2217 non
1269 2145 1420 2218 multum
1440 2145 1535 2219 enim
1562 2145 1639 2243 post
1663 2145 1842 2218 homicida
1860 2145 1918 2219 ille
1937 2145 2060 2245 depre-

594 2266 724 2340 hensus
743 2265 840 2365 apud
860 2265 1090 2338 Rolrelburch
1113 2263 1159 2337 ab
1178 2265 1279 2363 equis
1306 2264 1357 2338 est
1374 2265 1581 2363 discerptus.
1638 2265 1738 2339 Scoti
1764 2291 1848 2340 vero
1874 2267 2060 2341 audientes

594 2387 835 2484 supradistum
853 2385 900 2458 G.
920 2385 966 2458 de
983 2384 1168 2482 Hybernia
1187 2410 1268 2458 cum
1287 2384 1391 2459 classo
1410 2385 1588 2459 advenisse
1606 2397 1643 2459 et
1660 2387 1780 2460 secum
1796 2384 2060 2484 Hybemienses

594 2532 674 2580 cum
692 2507 764 2580 filio
784 2505 966 2604 cujusdam
984 2505 1097 2605 reguli
1117 2504 1310 2589 adduxisse,
1330 2506 1414 2579 dum
1433 2506 1666 2580 immoderate
1684 2507 1863 2606 sugerent,
1883 2506 1929 2579 ad
1947 2533 2059 2606 quan·

595 2628 676 2701 dam
696 2652 828 2725 aquam
846 2626 1077 2709 devenerunt,
1105 2626 1140 2698 in
1159 2651 1231 2724 qua
1249 2626 1350 2701 multi
1369 2652 1413 2700 ex
1436 2626 1496 2699 illo
1515 2627 1672 2701 nefando
1691 2626 1848 2701 exercitu
1866 2628 2057 2725 perierunt.

597 2747 789 2845 Postquam
808 2758 928 2819 autom
947 2746 1170 2846 supradictus
1190 2747 1238 2820 G.
1254 2746 1299 2821 de
1319 2746 1505 2846 Hybernia
1519 2747 1570 2822 est
1587 2749 1755 2832 reversus,
1770 2772 1852 2820 mox
1871 2758 1910 2820 ut
1928 2759 2058 2821 terram

594 2868 714 2966 tetigit
732 2892 856 2940 omnes
874 2892 982 2940 naves
1000 2867 1131 2966 paritor
1149 2867 1337 2967 confregit,
1351 2868 1551 2967 hujusmodi
1571 2880 1674 2943 utens
1687 2867 1894 2951 calliditate,
1908 2892 1953 2941 ne
1968 2893 2059 2966 quos

594 2990 712 3061 l'ecum
739 2986 971 3071 conduxerat,
1001 2987 1181 3060 ullomodo
1204 2988 1363 3062 valerent
1387 2989 1592 3087 repatriare.
1647 2988 1838 3086 Postquam
1866 3012 1952 3087 ergo
1980 2987 2057 3061 haec.

594 3109 763 3181 nunciata
790 3109 868 3180 sunt
890 3106 955 3179 G.n
981 3107 1147 3206 episcopo
1169 3108 1396 3206 Galuuydiae,
1424 3122 1462 3183 ot
1480 3109 1527 3182 A.
1547 3108 1669 3183 abbati
1687 3109 1732 3182 de
1752 3107 1899 3193 Melros,
1918 3132 2057 3181 necnon

595 3239 631 3301 et
645 3227 685 3301 P.
701 3228 821 3301 comiti
836 3227 880 3299 do
895 3226 1058 3311 Dunbar,
1073 3228 1265 3302 amicitiam
1280 3254 1389 3327 quam
1403 3255 1491 3329 erga
1504 3240 1641 3328 patrem
1655 3230 1831 3304 viventem
1844 3227 2058 3313 habuerunt,

595 3349 665 3422 silio
687 3349 849 3447 quamvis
874 3348 1104 3448 degeneranti
1132 3349 1337 3447 impendere
1362 3375 1433 3423 non
1458 3350 1661 3423 omiserunt.
1716 3349 1914 3448 Episcopus
1939 3360 2059 3423 autem

595 3480 631 3542 et
658 3468 771 3543 abbas
797 3469 1009 3568 simpliciter,
1036 3495 1157 3544 comes
1185 3496 1268 3543 vero
1298 3496 1379 3544 cum
1407 3472 1469 3544 suo
1498 3472 1656 3544 exercitu
1683 3470 1865 3568 usquead
1891 3471 2060 3544 terminos

597 3590 765 3664 Galuidie
785 3590 1015 3675 devenerunt,
1042 3590 1255 3665 mandantes
1282 3591 1481 3690 sepedicto
1503 3591 1550 3665 G.
1570 3603 1610 3664 ut
1628 3601 1690 3665 aut
1711 3591 1787 3691 regi
1807 3589 1899 3664 colla
1917 3590 2059 3664 submit-

594 3724 696 3794 teret,
715 3723 777 3784 aut
790 3736 871 3784 cum
890 3711 1046 3785 exercitu
1065 3712 1204 3786 comitis
1221 3712 1371 3810 prelium
1390 3711 1639 3786 committeret.
1695 3710 1856 3786 Cernens
1874 3711 1983 3811 igitur
2009 3712 2059 3785 se·

595 3830 761 3929 pcdictus
777 3830 825 3904 G.
844 3832 880 3904 se
898 3831 1101 3904 inferiorem
1120 3832 1250 3905 viribus
1268 3832 1338 3907 else
1356 3857 1479 3906 eorum
1494 3831 1636 3906 consilio
1655 3830 1854 3931 adquievit;
1872 3855 1979 3931 quem
1999 3856 2059 3905 rex

597 3950 642 4022 ad
662 3950 932 4024 custodiendum
959 3976 1022 4049 per
1040 3952 1185 4051 aliquod
1204 3966 1346 4052 tempus
1372 3953 1546 4052 praedisto
1565 3953 1686 4027 comiti
1707 3952 1862 4026 tradidit.
1916 3951 2059 4025 Bastar·

597 4070 662 4143 dus
681 4094 767 4169 ergo
786 4070 928 4144 confilio
947 4072 1133 4147 destitutus
1160 4085 1196 4146 et
1223 4074 1367 4159 auxilio,
1394 4075 1489 4175 regis
1515 4099 1642 4173 pacem
1669 4073 1818 4148 coastus
1844 4070 1895 4146 est
1915 4083 2058 4170 petere;

597 4215 705 4287 quem
729 4216 789 4264 rex
813 4217 922 4290 parvo
940 4204 1100 4290 tompore
1121 4194 1157 4266 in
1184 4194 1327 4268 castello
1355 4194 1559 4268 Puellarum
1578 4195 1741 4278 detinuit,
1760 4218 1803 4267 ac
1819 4191 1942 4291 postea
1961 4190 2058 4265 abire

598 4308 762 4409 permisit.
819 4311 901 4383 Post
922 4311 1000 4386 haec
1026 4312 1301 4411 Hybernienses,
1328 4316 1456 4389 furtive
1484 4316 1528 4390 de
1555 4317 1669 4415 patria
1697 4313 1930 4397 discedentes
1954 4312 2058 4411 juxta

598 4429 778 4504 civitatem
798 4431 1056 4533 Glasguensem
1075 4434 1139 4509 iter
1158 4435 1395 4534 arripuerunt3
1423 4436 1520 4535 quod
1538 4436 1633 4511 cives
1651 4434 1909 4534 comperientes
1936 4433 2058 4506 unani·

597 4552 700 4624 miter
718 4552 890 4638 exierunt,
910 4564 945 4626 et
963 4566 1140 4653 quotquot
1167 4569 1409 4655 reppererunt,
1429 4557 1621 4656 amputatis
1639 4555 1827 4656 capitibus
1846 4555 1983 4628 animas
2000 4578 2059 4627 ex·
2110 4564 2213 4618 s01.43.

644 4774 664 4796 ¹¹¹
681 4777 783 4831 Walter
798 4778 912 4849 Cumym
925 4780 1024 4834 second
1037 4798 1085 4834 son
1099 4780 1131 4834 os
1141 4782 1265 4844 William,
1280 4783 1334 4837 earl
1346 4783 1378 4837 os
1393 4783 1512 4845 Buchan,
1527 4783 1554 4835 in
1567 4782 1635 4852 right
1647 4781 1679 4835 os
1693 4782 1734 4835 his
1747 4780 1815 4843 wife,
1836 4781 1882 4836 the
1895 4780 2023 4851 daughter
2035 4778 2066 4833 os

598 4858 794 5018 (hssffipeml
807 4861 839 4915 os
855 4862 987 4927 Mentcth,
1008 4865 1117 4919 became
1134 4866 1186 4919 eorl
1200 4865 1232 4919 os
1248 4866 1379 4920 Mentetlr.
1418 4868 1544 4936 uulgus,
1559 4866 1584 4919 ii.
1599 4869 1661 4919 223.
1771 4864 1783 4887 ¹¹
1800 4864 1911 4927 Gilbert,
1926 4865 2022 4934 bishop
2034 4863 2066 4916 os
