4716 6428
458 720 688 797 A.D.1164.
814 717 1128 794 CHRONICA
1162 718 1238 793 DE
1277 719 1564 796 MAILROS.
1865 730 1912 808 79

506 931 607 1008 Obiit
628 930 873 1007 Οὲῒοιιίεηιιεο
900 932 1080 1030 antipapa,
1108 943 1144 1005 et
1165 930 1274 1005 Wido
1296 930 1508 1018 Cremensrs,
1530 932 1703 1008 secundus
1731 935 1911 1035 antipapa,

455 1054 500 1129 ab
518 1052 682 1152 preditto
700 1053 913 1150 imperatore
930 1052 1125 1125 scismatico
1144 1051 1304 1125 elevatus
1322 1053 1384 1125 est.

504 1173 553 1248 Et
581 1172 812 1247 Sumerledus
835 1172 979 1271 regulus
1004 1170 1224 1270 Eregeithel,
1244 1172 1322 1270 jam
1348 1196 1411 1269 per
1438 1198 1550 1247 annos
1576 1171 1682 1271 xijeim.
1711 1185 1834 1247 contra
1860 1196 1911 1247 re-

455 1318 538 1394 gem
565 1293 754 1367 Scotorum
779 1292 1013 1366 Malcolmum
1038 1292 1220 1365 dominum
1244 1294 1344 1365 suum
1367 1293 1565 1367 naturalem
1593 1294 1700 1390 impie
1725 1294 1911 1379 rebellans,

455 1439 535 1489 cum
554 1414 735 1513 copiosum
762 1412 807 1486 de
828 1411 988 1485 Ybernia
1017 1423 1053 1484 et
1070 1412 1214 1485 diuersis
1239 1412 1327 1485 locis
1354 1413 1548 1486 exercitum
1577 1414 1788 1487 contrahens
1815 1415 1911 1513 apud

457 1533 605 1608 Rensriu
623 1532 855 1632 applicuisset,
868 1531 1014 1605 tandem
1033 1532 1166 1604 ultione
1182 1531 1313 1616 diuina,
1329 1558 1411 1605 cum
1423 1532 1495 1605 filio
1507 1533 1592 1607 suod
1609 1545 1644 1605 ot
1663 1532 1910 1607 innumerabili

455 1654 586 1753 populo
605 1680 627 1727 a
645 1654 768 1753 paucis
786 1651 1140 1752 comprovincialibus
1158 1650 1291 1725 ibidem
1309 1653 1443 1726 occisus
1461 1654 1522 1726 est.

504 1771 725 1847 Herebertus
743 1773 927 1873 episcopus
948 1771 1169 1846 Glaseuenfis
1187 1771 1285 1855 obiit,
1309 1773 1365 1845 cui
1384 1772 1540 1845 successit
1559 1772 1798 1872 Engelramus
1817 1776 1911 1873 regis

455 1894 696 1978 cancellarius,
716 1895 940 1967 consecratus
959 1919 979 1965 a
997 1917 1092 1990 papa
1112 1891 1318 1965 Alexandro
1340 1892 1435 1991 apud
1457 1892 1698 1966 Sunonensem
1717 1894 1909 1977 civitatem,

455 2013 511 2087 die
538 2014 775 2114 apostolorum
799 2013 954 2087 Simonis
981 2024 1017 2085 et
1052 2011 1146 2085 Jude
1180 2011 1281 2111 [Oct.
1313 2011 1394 2110 28],
1418 2013 1501 2085 licet
1527 2013 1646 2085 nuncii
1676 2012 1910 2087 Eboracensrs

456 2132 706 2233 archiepiscopi
733 2133 922 2233 plurimum
941 2132 1155 2205 restiterint.⁰

505 2254 665 2327 Thomas
675 2252 925 2327 Cantuarensis
944 2252 1227 2351 archiepiscopus
1240 2250 1462 2335 venerabilis,
1482 2251 1528 2324 ob
1543 2252 1795 2326 intollerabiles
1814 2252 1910 2324 sanc·

455 2386 490 2445 te
508 2371 752 2449 ecctofie...sa
771 2398 856 2472 rege
877 2372 1010 2471 Anglie
1029 2371 1144 2445 illatas
1162 2372 1318 2469 injurias
1338 2370 1471 2443 recessit
1490 2370 1535 2443 ab
1557 2371 1701 2469 Anglia.

505 2492 802 2592 Archiepiscopus
821 2491 1056 2565 Eboracensrs
1074 2492 1169 2564 venit
1181 2490 1367 2564 Norhamg
1385 2491 1615 2589 rrtlcgatione
1627 2491 1838 2590 fungeretur
1849 2517 1911 2590 per

459 2614 628 2697 Scotiam,
648 2613 707 2685 sed
725 2614 843 2686 nuncii
871 2613 965 2712 regis
988 2613 1176 2686 Scotorum
1195 2611 1395 2685 restiterunt
1414 2612 1445 2683 ei
1465 2624 1501 2685 et
1522 2610 1810 2684 contradixerunt
1836 2612 1912 2709 ejus

455 2732 637 2831 legationi,
658 2744 694 2805 et
712 2732 794 2805 inde
813 2732 916 2805 rediit
936 2732 1114 2806 confusus.

503 2852 611 2926 Anno
641 2853 789 2926 mclxv.
819 2852 993 2925 Ricardus
1023 2851 1229 2950 capellanus
1255 2851 1349 2949 regis
1381 2850 1565 2924 Malcolmi
1602 2852 1826 2924 consecratus
1863 2851 1913 2923 est

454 2971 546 3071 apud
564 2972 726 3047 faustum
743 2972 925 3045 Andream
944 2973 979 3046 in
998 2972 1120 3045 Scotia
1139 2969 1251 3047 ab...h
1263 2971 1434 3068 episeopis
1446 2971 1603 3069 ejusdem
1617 2985 1720 3056 terre,
1733 2971 1864 3044 scilicet
1878 2972 1912 3042 in

454 3090 631 3166 dominica
644 3092 702 3166 dic
720 3093 826 3166 ramis
843 3092 1054 3192 palmarum,
1074 3117 1144 3190 que
1163 3105 1247 3164 tunc
1265 3092 1383 3163 evenit
1401 3117 1433 3164 v.
1453 3090 1626 3164 kalendas
1646 3090 1778 3189 Aprilis
1799 3090 1910 3188 [Mar.

454 3212 531 3311 28].

503 3331 551 3405 Et
572 3331 748 3406 Henricus
766 3358 827 3405 rex
848 3332 980 3431 Anglie
999 3331 1247 3414 transfretavit,
1272 3342 1307 3403 et
1326 3330 1511 3428 postquam
1535 3328 1638 3402 rediit
1656 3354 1737 3402 cum
1756 3328 1912 3401 exercitu

453 3476 586 3551 magno
608 3453 762 3551 perrexit
788 3453 823 3524 in
852 3451 1028 3535 Guallias,
1055 3451 1175 3548 ibique
1202 3449 1320 3548 plures
1344 3449 1474 3522 occidit
1500 3462 1535 3521 et
1557 3448 1729 3545 justitiam
1755 3448 1840 3520 fecit
1867 3447 1911 3519 de

454 3570 592 3645 duobus
609 3572 688 3645 filiis
706 3573 800 3671 regis
820 3571 895 3657 Ris,
914 3584 950 3645 et
968 3571 1013 3645 de
1030 3571 1109 3645 siliis
1128 3597 1170 3643 ac
1188 3568 1327 3643 filiabus
1344 3568 1516 3642 nobilium
1534 3568 1622 3666 ejus,
1642 3568 1772 3641 scilicet
1790 3566 1911 3639 oculos

453 3716 640 3789 puerorum
658 3693 748 3765 eruit
766 3704 802 3766 et
819 3717 922 3766 nares
941 3693 1112 3789 auresque
1130 3689 1328 3788 puellarum
1347 3688 1504 3763 abscidit.

503 3810 586 3885 Due
604 3825 743 3886 comete
762 3824 1003 3912 apparuerunt
1022 3823 1105 3885 ante
1124 3810 1203 3883 solis
1221 3822 1337 3882 ortum
1355 3811 1474 3882 mense
1495 3807 1660 3906 Augusti,
1680 3831 1751 3879 una
1770 3805 1816 3878 ad
1835 3807 1911 3879 aus·

453 3942 556 4015 trum,
589 3931 700 4005 altera
727 3932 773 4006 ad
797 3932 1012 4031 aquilonem.
1068 3931 1223 4005 Cometa
1246 3929 1298 4003 est
1317 3929 1417 4001 stella
1436 3953 1506 4026 que
1530 3952 1601 4001 non
1629 3927 1725 4000 omni
1751 3938 1911 4024 tempore

452 4050 512 4124 fed
528 4052 683 4124 maxime
701 4052 735 4124 in
755 4052 854 4125 obitu
873 4053 967 4151 regis
986 4052 1100 4124 autin
1119 4051 1257 4124 excidio
1285 4062 1433 4148 apparot
1451 4047 1617 4145 regionis.
1674 4046 1768 4119 Cum
1787 4046 1911 4117 crinito

453 4170 655 4247 diademate
674 4172 876 4271 apparuerit
902 4173 1045 4271 fulgens
1063 4171 1184 4270 regale
1210 4170 1355 4242 nunciat
1377 4169 1500 4250 letum,
1527 4165 1586 4240 sed
1604 4166 1629 4239 fi
1649 4177 1768 4238 autem
1794 4166 1912 4238 serens

452 4315 572 4367 comas
590 4292 817 4391 rutulansquo
836 4292 996 4391 sparserit
1014 4290 1104 4374 illas,
1123 4290 1236 4390 patrie
1254 4290 1423 4362 monstrat
1441 4286 1629 4361 excidium.

486 4500 498 4525 ‘
513 4500 604 4557 Victor
617 4502 665 4556 lv.
679 4502 740 4557 died
758 4502 811 4556 2·2d
825 4502 901 4572 April
917 4506 993 4563 1164,
1014 4500 1067 4554 and
1080 4517 1133 4553 was
1147 4499 1293 4553 succeeded
1305 4500 1340 4569 by
1352 4516 1404 4551 one
1417 4497 1478 4550 who
1497 4496 1582 4566 styled
1600 4494 1708 4548 lrimsels
1724 4494 1837 4548 Calistns
1859 4492 1910 4545 111.

452 4584 579 4639 ‘aaran
591 4586 657 4640 adds
666 4585 725 4639 that
738 4584 778 4638 his
792 4602 841 4639 aon
854 4603 908 4639 was
921 4584 1005 4638 crdlod
1018 4584 1166 4645 Gillicolan,
1181 4584 1198 4636 i.
1212 4586 1274 4635 452.
1315 4582 1375 4636 The
1388 4581 1474 4634 words
1490 4588 1507 4611 “
1518 4597 1578 4634 cum
1588 4578 1641 4632 silio
1654 4580 1718 4632 su0''
1727 4596 1770 4631 are
1780 4576 1866 4629 added
1877 4577 1912 4645 by

451 4667 498 4722 the
511 4669 628 4723 Scottish
641 4670 744 4740 copyist
756 4680 785 4723 to
803 4668 851 4722 the
863 4677 977 4722 account
990 4667 1021 4721 os
1031 4669 1160 4729 Iloeeden,
1175 4666 1220 4719 sol.
1235 4670 1296 4726 283,
1311 4665 1377 4718 srom
1390 4664 1477 4717 which
1490 4662 1537 4717 the
1549 4663 1695 4716 remainder
1707 4662 1728 4713 is
1741 4658 1909 4713 transcribed.

451 4748 466 4775 ⁸
477 4750 530 4806 See
539 4754 651 4815 Fordun,
662 4752 680 4806 i.
689 4756 755 4811 461:
772 4754 869 4806 Hoved.
879 4752 925 4806 sol.
936 4755 998 4804 293.
1109 4749 1119 4781 ‘
1132 4749 1178 4802 An
1191 4768 1296 4803 erasure
1308 4750 1335 4801 in
1347 4748 1393 4802 the
1405 4749 1464 4801 MS.
1500 4748 1549 4800 See
1562 4746 1609 4798 the
1618 4755 1759 4799 statement
1772 4744 1798 4795 in
1812 4742 1909 4793 Hored.

450 4834 568 4889 sol.282.
660 4836 739 4891 'See
752 4854 785 4891 an
798 4846 900 4890 extract
911 4834 976 4889 srom
991 4834 1037 4889 the
1051 4834 1212 4905 Excerptaa
1227 4834 1289 4887 Chr.
1306 4834 1378 4886 Scot.
1392 4832 1419 4884 in
1434 4832 1532 4890 smiles,
1546 4830 1564 4882 i.
1582 4833 1639 4882 108.
1723 4826 1795 4878 ”An
1808 4840 1912 4878 erasure

450 4920 476 4971 in
489 4918 535 4973 the
551 4919 611 4973 MS.
