4710 6434
571 724 640 789 144
918 714 1238 791 CHRONICA
1272 715 1348 791 DE
1384 714 1671 791 MAILROS.
1795 714 1895 790 Ab.
1919 722 2026 790 1233.

618 933 721 1016 Item,
746 932 971 1006 consecratus
996 932 1047 1005 est
1067 930 1269 1006 Willelmus
1295 931 1482 1032 episcopus
1498 926 1767 1004 Glascuiensrssf
1791 928 1836 1003 ab
1861 917 2027 1028 episcopo

569 1051 716 1125 Andrea
734 1051 778 1125 de
798 1051 993 1137 Murrevia,
1012 1051 1190 1126 dominica
1213 1050 1291 1151 post
1314 1050 1536 1125 nativitatem
1554 1049 1661 1124 beate
1680 1049 1798 1124 Mario
1820 1048 1940 1149 [Sept.
1964 1049 2024 1149 ll]

567 1175 600 1244 in
617 1171 765 1246 ecclefia
783 1171 828 1246 de
845 1172 1008 1272 Glasgu'.
1116 1185 1120 1191 '

619 1291 820 1366 Willelmus
838 1292 950 1366 abbas
969 1292 1014 1366 de
1034 1291 1282 1367 Holmcultran
1300 1293 1369 1366 suo·
1380 1291 1476 1366 cellit
1493 1290 1622 1376 officie,
1641 1291 1698 1364 cui
1716 1290 1872 1365 succellit
1888 1291 2028 1365 Gilber-

566 1424 623 1487 tus
641 1412 807 1512 magister
826 1414 1071 1487 conversorum
1090 1413 1247 1512 ejusdem
1266 1410 1443 1487 domusffl

619 1532 719 1607 Obiit
739 1533 942 1607 Willelmus
962 1533 1093 1607 Cumin
1113 1559 1232 1608 comes
1251 1532 1295 1607 de
1316 1532 1481 1630 Buphan‚
1501 1531 1644 1607 abbatie
1663 1532 1708 1605 de
1728 1532 1803 1606 Der
1821 1533 2000 1606 fundator.

619 1652 726 1727 Anno
750 1654 984 1753 m.cc.xxxiiij.
1009 1653 1096 1727 obiit
1117 1653 1276 1727 Alanusg
1292 1653 1384 1727 filius
1404 1651 1571 1738 Rolandi‚
1590 1652 1753 1727 dominus
1774 1652 1972 1726 Galwethie
1991 1667 2027 1727 et

567 1773 846 1848 constabularius
868 1757 1006 1859 Scocie,
1029 1790 1064 1847 et
1088 1774 1244 1873 sepultus
1268 1772 1319 1848 est
1343 1773 1438 1873 apud
1459 1772 1727 1871 Dundravnam
1754 1785 1790 1846 et
1808 1774 1958 1872 reliquid
1975 1775 2025 1873 iij.

566 1893 655 1967 filias
673 1894 837 1980 heredes,
857 1895 1021 1968 etlilium
1039 1920 1148 1968 unum
1173 1894 1428 1979 bastardum*³8
1444 1895 1505 1993 qui
1524 1893 1609 1967 dum
1627 1893 1807 1968 adviveret
1833 1906 1933 1992 pater
1951 1895 2029 1994 ejus

566 2013 666 2088 duxit
685 2041 830 2089 uxorem
847 2015 955 2089 filiam
973 2016 1068 2115 regis
1086 2014 1131 2089 de
1151 2014 1253 2088 Man.
1307 2014 1396 2089 Filie
1415 2026 1535 2088 autem
1554 2014 1630 2113 ejus
1648 2015 1842 2114 nupserunt
1858 2013 1912 2089 his
1930 2015 2028 2100 viris;

567 2136 680 2232 prima
703 2136 835 2210 scilicet
855 2136 1000 2237 Rogero
1019 2137 1063 2209 de
1084 2134 1249 2234 Quincyh
1268 2136 1387 2209 comiti
1410 2134 1612 2220 Wintonie;
1636 2136 1792 2209 secunda
1810 2135 1965 2209 Johanni
1984 2136 2030 2209 de

568 2253 727 2353 Baylol;¹
753 2257 863 2330 tercio
890 2257 962 2329 filio
993 2257 1132 2330 comitis
1156 2255 1201 2329 de
1228 2255 1471 2341 Albemarla,¹¹
1498 2256 1588 2329 inter
1616 2281 1706 2355 quas
1730 2254 1839 2329 divisa
1865 2255 1916 2329 est
1937 2270 2030 2330 terra

567 2375 718 2472 predicti
739 2376 858 2450 Alani.
916 2377 988 2451 Sed
1008 2377 1175 2477 indigene
1194 2376 1286 2450 illius
1305 2388 1408 2461 terre,
1433 2376 1607 2450 malentes
1629 2375 1763 2450 habere
1788 2402 1897 2449 unum
1919 2375 2029 2450 domi·

566 2520 651 2568 num
670 2496 927 2595 quamplures,
947 2497 993 2579 ad
1012 2496 1193 2570 dominum
1218 2522 1340 2596 regem
1365 2495 1593 2580 accederunt,
1617 2496 1835 2595 postulantes
1853 2508 2030 2595 quatenus

567 2612 757 2689 heredibus
774 2615 953 2689 heredatis
971 2618 1073 2715 super
1096 2619 1132 2689 se
1151 2616 1346 2690 dominium
1371 2616 1560 2715 acciperet,
1583 2616 1679 2715 quod
1702 2618 1782 2716 pius
1806 2644 1868 2691 rex
1885 2619 2029 2692 minime

568 2735 713 2807 curavit.
754 2735 981 2834 Quapropter
998 2736 1296 2810 Galuuethicnles
1314 2735 1576 2835 supramodum
1594 2737 1879 2822 intumescentes,
1898 2739 1970 2812 sese
1984 2738 2030 2812 ad

568 2852 794 2928 resrstendum
818 2869 1107 2955 preparaverunt,
1132 2883 1272 2931 necnon
1291 2867 1326 2931 et
1352 2857 1525 2955 quasdam
1549 2868 1660 2931 terras
1678 2857 1810 2931 domini
1836 2860 1929 2959 regis
1947 2859 2029 2933 vici-

567 2974 684 3049 niores
697 2976 790 3049 ferro
803 2977 1018 3077 flammaque
1032 2978 1272 3063 vastaverunt3
1291 2977 1388 3077 quod
1402 2978 1453 3051 eis
1467 2978 1500 3050 in
1520 2979 1723 3078 prosperum
1738 3004 1809 3052 non
1823 2979 1930 3065 cellit,
1944 2979 2031 3053 ficut

567 3096 602 3167 in
621 3095 913 3195 subsequentibus
932 3099 1129 3198 apparebit.

621 3216 723 3302 Item,
742 3217 830 3291 obiit
848 3219 1014 3294 dominus
1034 3219 1228 3294 Walranus
1250 3219 1362 3294 abbas
1381 3219 1425 3293 dc
1446 3219 1534 3305 Der,
1547 3220 1582 3292 in
1601 3220 1703 3319 cujus
1721 3220 1801 3294 loco
1824 3221 1962 3295 electus
1980 3222 2029 3294 est

568 3337 779 3412 venerabilis
799 3338 911 3440 Hugo
930 3341 1023 3439 prior
1041 3342 1086 3415 de
1107 3340 1252 3415 Melros.

620 3457 728 3531 Anno
748 3459 895 3533 Domini
922 3475 1203 3535 m⁰.cc⁰.xxx⁰.v⁰.
1231 3461 1319 3535 obiit
1345 3461 1521 3561 dompnus
1542 3460 1628 3535 W!
1654 3462 1840 3561 episcopus
1867 3462 2031 3536 Candide

572 3578 681 3664 Casc3
708 3579 886 3655 dominica
903 3582 1017 3680 prima
1034 3580 1304 3682 quadragesime
1326 3581 1433 3680 [Feb.
1452 3580 1533 3681 25],
1552 3581 1690 3657 electus
1708 3581 1929 3657 estdomnus
1942 3582 2031 3656 Gill-

569 3697 689 3773 bertus
707 3701 873 3800 magister
890 3701 1103 3776 novitiorum
1121 3702 1166 3776 de
1186 3703 1333 3787 Melros,
1352 3714 1389 3775 et
1406 3702 1588 3801 quondam
1613 3701 1725 3778 abbas
1743 3702 1788 3776 de
1808 3703 1971 3789 Glenlus,
1996 3705 2030 3776 in

569 3818 786 3918 episcopum,
798 3833 871 3892 tam
886 3846 908 3893 a
922 3821 1016 3895 clero
1028 3847 1135 3920 quam
1151 3821 1197 3896 ab
1211 3822 1371 3896 universo
1385 3822 1518 3921 populo
1532 3822 1743 3907 Galwethie,
1755 3836 1905 3922 excepto
1917 3824 2031 3922 priore

569 3949 605 4010 et
624 3952 800 4012 conventu
819 3940 864 4013 de
885 3940 1060 4015 Witerne.
1115 3942 1311 4015 Dominica
1335 3954 1455 4016 autem
1477 3967 1548 4041 qua
1573 3955 1736 4016 cantatur
1760 3942 1903 4017 “Oculi
1921 3943 2029 4026 mei,”

572 4056 684 4155 [Mar.
709 4057 768 4157 le]
791 4059 1013 4157 supradictus
1036 4064 1130 4160 prior
1155 4087 1236 4135 cum
1254 4063 1316 4136 suo
1340 4073 1518 4136 conventu
1536 4061 1645 4162 elegit
1666 4060 1831 4136 Odonem
1850 4061 2031 4162 quondam

616 4386 637 4416 “
659 4387 689 4440 ln
702 4386 749 4440 the
762 4389 868 4459 margin,
883 4390 909 4442 in
922 4390 968 4443 red
980 4390 1079 4453 letters,
1096 4401 1114 4422 ‘⁴
1128 4391 1276 4445 Willelmus
1288 4393 1429 4465 episcopus
1444 4392 1639 4462 Glasguensis.''
1772 4391 1806 4422 “¹
1827 4393 1894 4447 This
1907 4393 1971 4447 does
1984 4406 2032 4447 not

567 4488 643 4541 agree
657 4471 720 4525 with
732 4471 779 4526 the
798 4472 961 4545 chronology
979 4475 1011 4530 of
1025 4478 1114 4530 Ellie's
1127 4478 1256 4548 Dagdale,
1272 4495 1298 4530 v.
1312 4481 1374 4539 593,
1395 4477 1483 4531 which
1501 4488 1568 4531 rests
1587 4495 1659 4548 upon
1678 4477 1725 4532 the
1744 4477 1878 4548 authority
1894 4478 1926 4531 of
1941 4480 2030 4532 Willis.

568 4557 581 4588 ⁸
600 4558 737 4629 Douglas's
752 4559 873 4629 Peeraga
894 4560 911 4612 i.
926 4565 988 4613 615.
1030 4561 1080 4614 See
1098 4561 1155 4616 also
1168 4562 1327 4632 concerning
1345 4562 1397 4616 this
1410 4573 1499 4625 event,
1519 4562 1572 4616 and
1585 4562 1632 4616 the
1651 4562 1824 4616 insurrection
1842 4562 1868 4615 in
1884 4562 2030 4634 Gallony.

570 4641 614 4694 M.
632 4642 717 4702 Paris,
730 4660 756 4712 p.
768 4645 831 4696 294.
1013 4644 1040 4676 ⁸⁸
1061 4647 1175 4708 Fordun,
1190 4646 1215 4698 ii.
1230 4650 1274 4708 60,
1289 4645 1352 4700 calls
1366 4645 1420 4699 him
1434 4646 1561 4709 Thomas,
1583 4646 1636 4701 and
1648 4664 1679 4701 so
1691 4647 1756 4702 does
1769 4646 1813 4700 M.
1829 4648 1913 4708 Paris,
1928 4665 1954 4717 p.
1969 4649 2031 4700 294.

568 4725 736 4798 ”Dugdale's
748 4728 891 4799 Baronaga
907 4729 923 4783 i.
938 4733 1000 4783 688.
1110 4730 1116 4760 ¹
1140 4730 1190 4784 See
1203 4740 1267 4784 note
1281 4728 1300 4784 ¹.
1409 4730 1420 4761 ¹¹
1440 4733 1572 4801 Dugdale,
1587 4732 1604 4785 i.
1618 4736 1663 4786 64.
1772 4730 1798 4761 '¹¹‘
1820 4732 1871 4785 See
1892 4734 2029 4802 Wyatoum‚

568 4812 585 4863 i.
597 4814 658 4871 370,
671 4814 732 4868 371.
825 4818 837 4843 *
859 4814 944 4876 Keitlr,
960 4817 1021 4877 272,
1036 4813 1099 4868 calls
1112 4813 1166 4867 him
1184 4814 1298 4877 Waltcr3
1318 4816 1366 4869 but
1380 4816 1494 4877 Fordurr,
1509 4816 1534 4868 ii.
1547 4820 1592 4878 or,
1607 4833 1667 4888 says
1680 4816 1721 4870 his
1734 4833 1811 4870 name
1824 4834 1878 4869 was
1894 4814 2020 4868 William.
