4716 6428
480 729 580 805 ab.
613 734 719 802 1214.
842 724 1162 801 CHRONICA
1194 724 1270 799 DE
1308 723 1599 799 MAILROS.
1871 734 1941 811 117

476 938 660 1037 protectus
678 948 714 1011 et
736 937 865 1010 virtute
882 937 1033 1010 militum
1052 937 1203 1021 suorum,
1230 961 1381 1034 quorum
1399 936 1544 1033 quidam
1562 937 1664 1034 super
1688 961 1815 1035 corpus
1834 937 1937 1036 ipsius

476 1058 625 1132 interfici
646 1059 681 1131 se
702 1056 944 1156 permiserunt,
972 1057 1008 1128 in
1032 1055 1204 1154 cq[u]um
1231 1056 1330 1129 suurn
1355 1055 1522 1154 rejectus,
1542 1055 1657 1129 illesus
1684 1056 1802 1130 evasrt.
1855 1056 1937 1131 Nec

476 1177 752 1277 pretereundum
779 1177 830 1250 est
853 1176 898 1249 de
926 1176 1056 1250 comite
1081 1176 1125 1248 de
1146 1174 1320 1259 Bolonia,¹
1343 1176 1444 1274 cujus
1471 1175 1642 1249 seditione
1668 1188 1782 1249 toturn
1804 1175 1937 1250 bellum

475 1299 659 1372 iniciatum
683 1297 745 1383 est,
764 1298 862 1396 quod
888 1323 969 1371 curn
996 1322 1115 1371 coram
1141 1322 1227 1395 rege
1257 1296 1406 1370 Francio
1432 1297 1624 1395 prostratus
1650 1298 1789 1371 veniam
1817 1322 1937 1396 preca·

477 1432 583 1505 retur,
602 1430 638 1492 et
656 1418 791 1492 diceret
809 1419 844 1492 se
866 1418 973 1491 nichil
995 1418 1031 1490 in
1049 1442 1172 1515 regem
1190 1416 1384 1515 deliquisse,
1411 1416 1457 1489 ad
1483 1416 1552 1490 hoc
1569 1416 1715 1490 verbum
1739 1442 1801 1491 rex
1824 1417 1937 1516 indig-

477 1518 582 1613 natus
600 1538 809 1637 exprobavit
827 1538 860 1611 ei
885 1538 1003 1611 omnia
1021 1536 1195 1611 beneficia
1214 1562 1284 1635 que
1302 1537 1351 1609 illi
1370 1538 1452 1635 sepe
1470 1539 1680 1622 contulerat,
1703 1549 1738 1610 et
1757 1537 1937 1636 quomodo

476 1660 612 1757 semper
638 1659 733 1731 mala
759 1683 822 1757 pro
849 1656 951 1731 bonis
972 1658 1044 1755 ipse
1066 1656 1164 1730 reddi
1184 1656 1296 1740 derat,
1316 1668 1351 1729 et
1369 1657 1523 1731 fremens
1541 1658 1576 1729 in
1595 1682 1689 1743 eum,
1716 1671 1739 1702 “
1756 1658 1869 1743 Tace,
1888 1659 1938 1731 in-

478 1779 566 1877 quit,
581 1779 667 1877 quia
680 1804 742 1877 per
760 1777 833 1851 offa
851 1778 962 1852 seneli
981 1776 1109 1851 Jacobi
1127 1778 1257 1850 faciam
1275 1776 1337 1849 tibi
1357 1777 1478 1850 oculos
1497 1778 1583 1863 erui,
1610 1789 1646 1850 et
1669 1778 1756 1851 scies
1774 1779 1858 1877 quia
1881 1804 1939 1852 me

477 1899 618 1973 vivente
632 1898 678 1972 de
690 1922 832 1972 carcere
845 1923 917 1971 non
931 1897 1081 1971 exibis.''
1110 1896 1132 1970 J
1135 1908 1319 1970 uramento
1331 1897 1439 1969 etiarn
1453 1897 1615 1971 custodes
1629 1898 1831 1972 constrinxit
1842 1900 1938 1997 quod

477 2044 544 2092 nec
562 2031 705 2118 propter
722 2018 931 2091 mandatum
948 2043 1016 2091 neo
1034 2029 1176 2116 propter
1189 2017 1323 2091 litteras
1337 2016 1525 2090 redderent
1543 2043 1636 2102 eum,
1650 2017 1712 2091 nisr
1726 2019 1762 2090 in
1775 2018 1938 2093 manibus

477 2140 566 2238 ejus.
621 2140 792 2237 Denique
816 2140 852 2211 in
870 2149 994 2211 trunco
1018 2137 1143 2237 grandi
1161 2137 1247 2210 fecit
1274 2137 1363 2211 duas
1391 2148 1536 2211 catenas
1564 2138 1696 2237 gross'as
1723 2150 1759 2212 et
1784 2139 1938 2238 grandes

477 2260 590 2359 infigi,
608 2259 738 2358 quibus
756 2259 888 2358 ligatus
906 2283 1026 2331 comes
1045 2257 1128 2331 velit
1145 2258 1232 2330 nolit
1250 2258 1369 2331 factus
1388 2257 1438 2330 est
1458 2257 1612 2332 Perrone
1631 2258 1851 2332 castellanus.

529 2379 635 2453 Anno
653 2404 810 2453 M.cc.xv.
839 2379 1015 2477 dompnus
1036 2377 1235 2460 Comedus,
1264 2376 1374 2450 abbas
1396 2376 1617 2462 Clareuallis‚
1645 2377 1849 2452 vifitationis
1876 2380 1937 2453 sue

476 2500 593 2600 gratia
609 2500 645 2571 in
663 2499 834 2599 Angliam
852 2498 1007 2583 advenit,
1026 2496 1087 2570 ubi
1106 2498 1187 2571 satis
1205 2496 1318 2596 rigide
1336 2498 1372 2569 se
1390 2498 1575 2582 continuit,
1590 2523 1729 2571 necnon
1748 2510 1784 2571 et
1802 2500 1837 2571 in
1851 2499 1937 2572 filia-

476 2618 543 2693 bus
560 2618 724 2693 domibus
742 2618 811 2693 suis
829 2618 875 2691 ob
902 2618 1034 2691 ordinis
1057 2618 1211 2716 rigorem
1235 2616 1346 2689 multa
1364 2616 1452 2690 dura
1471 2628 1506 2690 et
1531 2618 1654 2715 aspera
1671 2618 1849 2692 coustituit
1875 2619 1937 2691 ob-

476 2740 658 2815 servanda.

527 2860 720 2958 Dompnus
735 2857 884 2957 Helyas,
904 2858 1016 2932 abbas
1032 2857 1215 2943 Rieuallis,
1230 2859 1291 2931 suo
1309 2858 1405 2931 oeffit
1423 2858 1550 2942 officie,
1565 2858 1622 2931 cui
1641 2859 1797 2932 succeffit
1814 2859 1937 2957 domp-

476 3004 542 3053 nus
562 2977 740 3053 Henricus
759 2978 870 3053 abbas
889 2978 934 3052 de
950 2978 1148 3062 Wardona,
1162 2978 1208 3076 vj.
1228 2978 1307 3051 idus
1327 2976 1459 3075 Aprilis
1481 2976 1587 3076 [Apr.
1604 2977 1658 3076 8],
1678 2978 1815 3053 elec'tus
1833 2979 1883 3051 est
1901 2980 1936 3052 in

477 3098 644 3173 abbatem
669 3099 714 3172 de
736 3098 922 3171 Wardona
940 3097 1115 3197 dompnus
1136 3096 1300 3197 Rogerus
1323 3097 1489 3197 magister
1515 3099 1761 3171 conversorum
1780 3099 1936 3197 ejusdem

477 3220 616 3303 domuS,
626 3218 676 3317 iij.
696 3218 870 3292 kalendas
889 3216 979 3316 Maij
1003 3216 1109 3317 [Apr.
1129 3217 1208 3315 29].

529 3338 753 3412 Intraverunt
779 3339 815 3411 in
843 3336 1045 3412 Moreuiam
1072 3337 1189 3411 hostes
1215 3337 1347 3410 domini
1374 3337 1468 3436 regis
1490 3336 1628 3421 Scocie,
1655 3335 1787 3410 scilicet
1814 3334 1936 3411 Doue-

477 3457 603 3533 naldus
621 3456 736 3542 serr,l
755 3457 847 3531 filius
866 3456 1118 3542 Macvvillelmi,
1138 3468 1174 3530 et
1193 3456 1371 3530 Kennaulr
1389 3481 1470 3529 mac
1488 3455 1561 3539 abt,
1586 3466 1622 3527 et
1639 3455 1731 3528 lilius
1754 3455 1935 3553 cujusdam

477 3578 572 3679 regis
590 3576 788 3676 Hybemie,
812 3602 893 3651 cum
917 3577 1021 3652 turba
1044 3577 1316 3676 malignantium
1340 3574 1498 3675 copiosa}
1525 3576 1560 3648 in
1585 3600 1675 3674 quos
1698 3576 1831 3649 irruens
1855 3575 1935 3649 Ma·

479 3698 672 3798 chentagar
698 3697 817 3771 hostes
842 3698 937 3797 regis
963 3696 1079 3772 valide
1106 3696 1302 3795 prostravit,
1329 3721 1481 3794 quorum
1507 3696 1625 3793 capita
1652 3695 1873 3769 detruncavit
1900 3708 1937 3769 et

478 3843 571 3892 novo
584 3819 661 3920 regi
678 3842 772 3892 nova
788 3842 937 3891 munera
949 3817 1183 3916 praesentavit,
1197 3818 1279 3915 xvij.
1294 3815 1466 3889 kalendas
1479 3814 1501 3888 J
1504 3815 1562 3914 ulij
1582 3814 1620 3914 [J
1623 3840 1681 3888 un.
1701 3814 1776 3913 15],
1795 3828 1936 3915 propter

478 3938 575 4039 quod
592 3938 768 4038 dompnus
784 3963 847 4012 rex
863 3962 995 4011 novum
1012 3937 1161 4012 militem
1178 3937 1291 4036 ipsum
1308 3936 1493 4010 ordinavit.

753 4176 925 4252 Ordinem
942 4177 1194 4275 praeposterum
1214 4177 1348 4276 Anglia
1365 4177 1524 4260 sanxivit,

752 4296 887 4371 Mirum
904 4297 1004 4371 dic'tu
1022 4297 1161 4382 dicitur,
1180 4296 1252 4370 tale
1270 4297 1349 4395 quis
1368 4296 1530 4369 audivit?

751 4416 850 4491 Nam
868 4416 1012 4515 praeell'e
1030 4417 1137 4516 capiti
1156 4442 1284 4516 corpus
1302 4415 1515 4515 concupivit,

753 4534 893 4636 Regem
911 4540 1012 4612 suum
1029 4563 1154 4637 regere
1173 4537 1325 4637 populus
1342 4535 1501 4635 quesrvit.

514 4746 523 4779 ¹
539 4746 659 4811 Remud,
675 4746 738 4802 Earl
750 4746 782 4802 os
790 4748 936 4821 Boulogne.
980 4750 1056 4822 Velly,
1070 4748 1106 4802 iii.
1119 4750 1182 4807 474.
1291 4745 1311 4769 ¹¹¹
1327 4746 1393 4800 This
1405 4744 1479 4799 word
1491 4742 1539 4797 bes
1551 4744 1620 4797 been
1632 4741 1717 4797 added
1730 4743 1814 4797 above
1826 4741 1873 4795 tlre
1885 4741 1937 4795 linc

478 4840 507 4884 at
517 4830 611 4885 relator
623 4832 722 4902 period,
736 4833 772 4904 by
781 4850 833 4887 one
845 4833 907 4887 who
920 4833 965 4887 did
977 4842 1025 4887 not
1036 4833 1158 4904 perceive
1167 4831 1226 4886 that
1237 4832 1273 4902 by
1282 4830 1360 4899 doing
1371 4848 1402 4883 so
1412 4829 1447 4883 he
1456 4827 1596 4899 destroyed
1607 4826 1655 4880 the
1667 4842 1750 4879 verse.
1834 4824 1848 4849 ¹²
1859 4824 1938 4879 Some

477 4912 530 5053 {Z
536 4914 756 5056 irytrbgiffles
765 4934 809 4974 are
819 4917 981 4983 observable,
995 4918 1044 4973 but
1056 4927 1154 4974 cannot
1165 4916 1247 4987 easily
1258 4918 1292 4971 be
1304 4912 1429 4984 arranged
1440 4914 1468 4967 in
1480 4930 1497 4967 a
1509 4910 1657 4967 connected
1668 4926 1784 4965 manner.
1832 4914 1844 4939 ¹
1856 4908 1938 4964 Writ-
